TDB_000002998,2024-09-19 22:16:18,TDB_CUST_5214938,TSLA,BUY,1,638.02
TDB_000002999,2024-09-19 22:16:18,TDB_CUST_5214938,TSLA,BUY,1,638.02
TDB_000003000,2024-09-19 22:16:18,TDB_CUST_5214938,TSLA,BUY,1,638.02
TDB_000003001,2024-09-19 22:16:18,TDB_CUST_5214938,TSLA,BUY,1,638.02
TDB_000003002,2024-09-19 22:16:18,TDB_CUST_5214938,TSLA,BUY,1,638.02
TDB_000003003,2024-09-19 22:16:18,TDB_CUST_5214938,TSLA,BUY,1,638.02
TDB_000003004,2024-09-19 22:16:18,TDB_CUST_5214938,TSLA,BUY,1,638.02
TDB_000003005,2024-09-19 22:16:18,TDB_CUST_5214938,TSLA,BUY,1,638.02
TDB_000003006,2024-09-19 22:16:18,TDB_CUST_5214938,TSLA,BUY,1,638.02
TDB_000003007,2024-09-19 22:16:18,TDB_CUST_5214938,TSLA,BUY,1,638.02
TDB_000003008,2024-09-19 22:16:18,TDB_CUST_5214938,TSLA,BUY,1,638.02
TDB_000003009,2024-09-19 22:16:18,TDB_CUST_5214938,TSLA,BUY,1,638.02
TDB_000003010,2024-09-19 22:16:18,TDB_CUST_5214938,TSLA,BUY,1,638.02
TDB_000003011,2024-09-19 22:16:18,TDB_CUST_5214938,TSLA,BUY,1,638.02
TDB_000003012,2024-09-19 22:16:18,TDB_CUST_5214938,TSLA,BUY,1,638.02
TDB_000003013,2024-09-19 22:16:18,TDB_CUST_5214938,TSLA,BUY,1,638.02
TDB_000003014,2024-09-19 22:16:18,TDB_CUST_5214938,TSLA,BUY,1,638.02
TDB_000003015,2024-09-19 22:16:18,TDB_CUST_5214938,TSLA,BUY,1,638.02
TDB_000003016,2024-09-19 22:16:18,TDB_CUST_5214938,TSLA,BUY,1,638.02
TDB_000003017,2024-09-19 22:16:18,TDB_CUST_5214938,TSLA,BUY,1,638.02
TDB_000003018,2024-09-19 22:16:18,TDB_CUST_5214938,TSLA,BUY,1,638.02
TDB_000003019,2024-09-19 22:16:18,TDB_CUST_5214938,TSLA,BUY,1,638.02
TDB_000003020,2024-09-19 22:16:18,TDB_CUST_5214938,TSLA,BUY,1,638.02
TDB_000003021,2024-09-19 22:16:18,TDB_CUST_5214938,TSLA,BUY,1,638.02
TDB_000003022,2024-09-19 22:16:18,TDB_CUST_5214938,TSLA,BUY,1,638.02
TDB_000003023,2024-09-19 22:16:18,TDB_CUST_5214938,TSLA,BUY,1,638.02
TDB_000003024,2024-09-19 22:16:18,TDB_CUST_5214938,TSLA,BUY,1,638.02
TDB_000003025,2024-09-19 22:16:18,TDB_CUST_5214938,TSLA,BUY,1,638.02
TDB_000003026,2024-09-19 22:16:18,TDB_CUST_5214938,TSLA,BUY,1,638.02
TDB_000003027,2024-09-19 22:16:18,TDB_CUST_5214938,TSLA,BUY,1,638.02
TDB_000003028,2024-09-19 22:16:18,TDB_CUST_5214938,TSLA,BUY,1,638.02
TDB_000003029,2024-09-19 22:16:18,TDB_CUST_5214938,TSLA,BUY,1,638.02
TDB_000003030,2024-09-19 22:16:18,TDB_CUST_5214938,TSLA,BUY,1,638.02
TDB_000003031,2024-09-19 22:16:18,TDB_CUST_5214938,TSLA,BUY,1,638.02
TDB_000003032,2024-09-19 22:16:18,TDB_CUST_5214938,TSLA,BUY,1,638.02
TDB_000003033,2024-09-19 22:16:18,TDB_CUST_5214938,TSLA,BUY,1,638.02
TDB_000003034,2024-09-19 22:16:18,TDB_CUST_5214938,TSLA,BUY,1,638.02
TDB_000003035,2024-09-19 22:16:18,TDB_CUST_5214938,TSLA,BUY,1,638.02
TDB_000003036,2024-09-19 22:16:18,TDB_CUST_5214938,TSLA,BUY,1,638.02
TDB_000003037,2024-09-19 22:16:18,TDB_CUST_5214938,TSLA,BUY,1,638.02
TDB_000003038,2024-09-19 22:16:18,TDB_CUST_5214938,TSLA,BUY,1,638.02
TDB_000003039,2024-09-19 22:16:18,TDB_CUST_5214938,TSLA,BUY,1,638.02
TDB_000003040,2024-09-19 22:16:18,TDB_CUST_5214938,TSLA,BUY,1,638.02
TDB_000003041,2024-09-19 22:16:18,TDB_CUST_5214938,TSLA,BUY,1,638.02
TDB_000003042,2024-09-19 22:16:18,TDB_CUST_5214938,TSLA,BUY,1,638.02
TDB_000003043,2024-09-19 22:16:18,TDB_CUST_5214938,TSLA,BUY,1,638.02
TDB_000003044,2024-09-19 22:16:18,TDB_CUST_5214938,TSLA,BUY,1,638.02
TDB_000003045,2024-09-19 22:16:18,TDB_CUST_5214938,TSLA,BUY,1,638.02
TDB_000003046,2024-09-19 22:16:18,TDB_CUST_5214938,TSLA,BUY,1,638.02
TDB_000003047,2024-09-19 22:16:18,TDB_CUST_5214938,TSLA,BUY,1,638.02
TDB_000003048,2024-09-19 22:16:18,TDB_CUST_5214938,TSLA,BUY,1,638.02
TDB_000003049,2024-09-19 22:16:18,TDB_CUST_5214938,TSLA,BUY,1,638.02
TDB_000003050,2024-09-19 22:16:18,TDB_CUST_5214938,TSLA,BUY,1,638.02
TDB_000003051,2024-09-19 22:16:18,TDB_CUST_5214938,TSLA,BUY,1,638.02
TDB_000003052,2024-09-19 22:16:18,TDB_CUST_5214938,TSLA,BUY,1,638.02
TDB_000003053,2024-09-19 22:16:18,TDB_CUST_5214938,TSLA,BUY,1,638.02
TDB_000003054,2024-09-19 22:16:18,TDB_CUST_5214938,TSLA,BUY,1,638.02
TDB_000003055,2024-09-19 22:16:18,TDB_CUST_5214938,TSLA,BUY,1,638.02
TDB_000003056,2024-09-19 22:16:18,TDB_CUST_5214938,TSLA,BUY,1,638.02
TDB_000003057,2024-09-19 22:16:18,TDB_CUST_5214938,TSLA,BUY,1,638.02
TDB_000003058,2024-09-19 22:16:18,TDB_CUST_5214938,TSLA,BUY,1,638.02
TDB_000003059,2024-09-19 22:16:18,TDB_CUST_5214938,TSLA,BUY,1,638.02
TDB_000003060,2024-09-19 22:16:18,TDB_CUST_5214938,TSLA,BUY,1,638.02
TDB_000003061,2024-09-19 22:16:18,TDB_CUST_5214938,TSLA,BUY,1,638.02
TDB_000003062,2024-09-19 22:16:18,TDB_CUST_5214938,TSLA,BUY,1,638.02
TDB_000003063,2024-09-19 22:16:18,TDB_CUST_5214938,TSLA,BUY,1,638.02
TDB_000003064,2024-09-19 22:16:18,TDB_CUST_5214938,TSLA,BUY,1,638.02
TDB_000003065,2024-09-19 22:16:18,TDB_CUST_5214938,TSLA,BUY,1,638.02
TDB_000003066,2024-09-19 22:16:18,TDB_CUST_5214938,TSLA,BUY,1,638.02
TDB_000003067,2024-09-19 22:16:18,TDB_CUST_5214938,TSLA,BUY,1,638.02
TDB_000003068,2024-09-19 22:16:18,TDB_CUST_5214938,TSLA,BUY,1,638.02
TDB_000003069,2024-09-19 22:16:18,TDB_CUST_5214938,TSLA,BUY,1,638.02
TDB_000003070,2024-09-19 22:16:18,TDB_CUST_5214938,TSLA,BUY,1,638.02
TDB_000003071,2024-09-19 22:16:18,TDB_CUST_5214938,TSLA,BUY,1,638.02
TDB_000003072,2024-09-19 22:16:18,TDB_CUST_5214938,TSLA,BUY,1,638.02
TDB_000003073,2024-09-19 22:16:18,TDB_CUST_5214938,TSLA,BUY,1,638.02
TDB_000003074,2024-09-19 22:16:18,TDB_CUST_5214938,TSLA,BUY,1,638.02
TDB_000003075,2024-09-19 22:16:18,TDB_CUST_5214938,TSLA,BUY,1,638.02
TDB_000003076,2024-09-19 22:16:18,TDB_CUST_5214938,TSLA,BUY,1,638.02
TDB_000003077,2024-09-19 22:16:18,TDB_CUST_5214938,TSLA,BUY,1,638.02
TDB_000003078,2024-09-19 22:16:18,TDB_CUST_5214938,TSLA,BUY,1,638.02
TDB_000003079,2024-09-19 22:16:18,TDB_CUST_5214938,TSLA,BUY,1,638.02
TDB_000003080,2024-09-19 22:16:18,TDB_CUST_5214938,TSLA,BUY,1,638.02
TDB_000003081,2024-09-19 22:16:18,TDB_CUST_5214938,TSLA,BUY,1,638.02
TDB_000003082,2024-09-19 22:16:18,TDB_CUST_5214938,TSLA,BUY,1,638.02
TDB_000003083,2024-09-19 22:16:18,TDB_CUST_5214938,TSLA,BUY,1,638.02
TDB_000003084,2024-09-19 22:16:18,TDB_CUST_5214938,TSLA,BUY,1,638.02
TDB_000003085,2024-09-19 22:16:18,TDB_CUST_5214938,TSLA,BUY,1,638.02
TDB_000003086,2024-09-19 22:16:18,TDB_CUST_5214938,TSLA,BUY,1,638.02
TDB_000003087,2024-09-19 22:16:18,TDB_CUST_5214938,TSLA,BUY,1,638.02
TDB_000003088,2024-09-19 22:16:18,TDB_CUST_5214938,TSLA,BUY,1,638.02
TDB_000003089,2024-09-19 22:16:18,TDB_CUST_5214938,TSLA,BUY,1,638.02
TDB_000003090,2024-09-19 22:16:18,TDB_CUST_5214938,TSLA,BUY,1,638.02
TDB_000003091,2024-09-19 22:16:18,TDB_CUST_5214938,TSLA,BUY,1,638.02
TDB_000003092,2024-09-19 22:16:18,TDB_CUST_5214938,TSLA,BUY,1,638.02
TDB_000003093,2024-09-19 22:16:18,TDB_CUST_5214938,TSLA,BUY,1,638.02
TDB_000003094,2024-09-19 22:16:18,TDB_CUST_5214938,TSLA,BUY,1,638.02
TDB_000003095,2024-09-19 22:16:18,TDB_CUST_5214938,TSLA,BUY,1,638.02
TDB_000003096,2024-09-19 22:16:18,TDB_CUST_5214938,TSLA,BUY,1,638.02
TDB_000003097,2024-09-19 22:16:18,TDB_CUST_5214938,TSLA,BUY,1,638.02
TDB_000003098,2024-09-19 22:16:18,TDB_CUST_5214938,TSLA,BUY,1,638.02
TDB_000003099,2024-09-19 22:16:18,TDB_CUST_5214938,TSLA,BUY,1,638.02
TDB_000003100,2024-09-19 22:16:18,TDB_CUST_5214938,TSLA,BUY,1,638.02
TDB_000003101,2024-09-19 22:16:18,TDB_CUST_5214938,TSLA,BUY,1,638.02
TDB_000003102,2024-09-19 22:16:18,TDB_CUST_5214938,TSLA,BUY,1,638.02
TDB_000003103,2024-09-19 22:16:18,TDB_CUST_5214938,TSLA,BUY,1,638.02
TDB_000003104,2024-09-19 22:16:18,TDB_CUST_5214938,TSLA,BUY,1,638.02
TDB_000003105,2024-09-19 22:16:18,TDB_CUST_5214938,TSLA,BUY,1,638.02
TDB_000003106,2024-09-19 22:16:18,TDB_CUST_5214938,TSLA,BUY,1,638.02
TDB_000003107,2024-09-19 22:16:18,TDB_CUST_5214938,TSLA,BUY,1,638.02
TDB_000003108,2024-09-19 22:16:18,TDB_CUST_5214938,TSLA,BUY,1,638.02
TDB_000003109,2024-09-19 22:16:18,TDB_CUST_5214938,TSLA,BUY,1,638.02
TDB_000003110,2024-09-19 22:16:18,TDB_CUST_5214938,TSLA,BUY,1,638.02
TDB_000003111,2024-09-19 22:16:18,TDB_CUST_5214938,TSLA,BUY,1,638.02
TDB_000003112,2024-09-19 22:16:18,TDB_CUST_5214938,TSLA,BUY,1,638.02
TDB_000003113,2024-09-19 22:16:18,TDB_CUST_5214938,TSLA,BUY,1,638.02
TDB_000003114,2024-09-19 22:16:18,TDB_CUST_5214938,TSLA,BUY,1,638.02
TDB_000003115,2024-09-19 22:16:18,TDB_CUST_5214938,TSLA,BUY,1,638.02
TDB_000003116,2024-09-19 22:16:18,TDB_CUST_5214938,TSLA,BUY,1,638.02
TDB_000003117,2024-09-19 22:16:18,TDB_CUST_5214938,TSLA,BUY,1,638.02
TDB_000003118,2024-09-19 22:16:18,TDB_CUST_5214938,TSLA,BUY,1,638.02
TDB_000003119,2024-09-19 22:16:18,TDB_CUST_5214938,TSLA,BUY,1,638.02
TDB_000003120,2024-09-19 22:16:18,TDB_CUST_5214938,TSLA,BUY,1,638.02
TDB_000003121,2024-09-19 22:16:18,TDB_CUST_5214938,TSLA,BUY,1,638.02
TDB_000003122,2024-09-19 22:16:18,TDB_CUST_5214938,TSLA,BUY,1,638.02
TDB_000003123,2024-09-19 22:16:18,TDB_CUST_5214938,TSLA,BUY,1,638.02
TDB_000003124,2024-09-19 22:16:18,TDB_CUST_5214938,TSLA,BUY,1,638.02
TDB_000003125,2024-09-19 22:16:18,TDB_CUST_5214938,TSLA,BUY,1,638.02
TDB_000003126,2024-09-19 22:16:18,TDB_CUST_5214938,TSLA,BUY,1,638.02
TDB_000003127,2024-09-19 22:16:18,TDB_CUST_5214938,TSLA,BUY,1,638.02
TDB_000003128,2024-09-19 22:16:18,TDB_CUST_5214938,TSLA,BUY,1,638.02
TDB_000003129,2024-09-19 22:16:18,TDB_CUST_5214938,TSLA,BUY,1,638.02
TDB_000003130,2024-09-19 22:16:18,TDB_CUST_5214938,TSLA,BUY,1,638.02
TDB_000003131,2024-09-19 22:16:18,TDB_CUST_5214938,TSLA,BUY,1,638.02
TDB_000003132,2024-09-19 22:16:18,TDB_CUST_5214938,TSLA,BUY,1,638.02
TDB_000003133,2024-09-19 22:16:18,TDB_CUST_5214938,TSLA,BUY,1,638.02
TDB_000003134,2024-09-19 22:16:18,TDB_CUST_5214938,TSLA,BUY,1,638.02
TDB_000003135,2024-09-19 22:16:18,TDB_CUST_5214938,TSLA,BUY,1,638.02
TDB_000003136,2024-09-19 22:16:18,TDB_CUST_5214938,TSLA,BUY,1,638.02
TDB_000003137,2024-09-19 22:16:18,TDB_CUST_5214938,TSLA,BUY,1,638.02
TDB_000003138,2024-09-19 22:16:18,TDB_CUST_5214938,TSLA,BUY,1,638.02
TDB_000003139,2024-09-19 22:16:18,TDB_CUST_5214938,TSLA,BUY,1,638.02
TDB_000003140,2024-09-19 22:16:18,TDB_CUST_5214938,TSLA,BUY,1,638.02
TDB_000003141,2024-09-19 22:16:18,TDB_CUST_5214938,TSLA,BUY,1,638.02
TDB_000003142,2024-09-19 22:16:18,TDB_CUST_5214938,TSLA,BUY,1,638.02
TDB_000003143,2024-09-19 22:16:18,TDB_CUST_5214938,TSLA,BUY,1,638.02
TDB_000003144,2024-09-19 22:16:18,TDB_CUST_5214938,TSLA,BUY,1,638.02
TDB_000003145,2024-09-19 22:16:18,TDB_CUST_5214938,TSLA,BUY,1,638.02
TDB_000003146,2024-09-19 22:16:18,TDB_CUST_5214938,TSLA,BUY,1,638.02
TDB_000003147,2024-09-19 22:16:18,TDB_CUST_5214938,TSLA,BUY,1,638.02
TDB_000003148,2024-09-19 22:16:18,TDB_CUST_5214938,TSLA,BUY,1,638.02
TDB_000003149,2024-09-19 22:16:18,TDB_CUST_5214938,TSLA,BUY,1,638.02
TDB_000003150,2024-09-19 22:16:18,TDB_CUST_5214938,TSLA,BUY,1,638.02
TDB_000003151,2024-09-19 22:16:18,TDB_CUST_5214938,TSLA,BUY,1,638.02
TDB_000003152,2024-09-19 22:16:18,TDB_CUST_5214938,TSLA,BUY,1,638.02
TDB_000003153,2024-09-19 22:16:18,TDB_CUST_5214938,TSLA,BUY,1,638.02
TDB_000003154,2024-09-19 22:16:18,TDB_CUST_5214938,TSLA,BUY,1,638.02
TDB_000003155,2024-09-19 22:16:18,TDB_CUST_5214938,TSLA,BUY,1,638.02
TDB_000003156,2024-09-19 22:16:18,TDB_CUST_5214938,TSLA,BUY,1,638.02
TDB_000003157,2024-09-19 22:16:18,TDB_CUST_5214938,TSLA,BUY,1,638.02
TDB_000003158,2024-09-19 22:16:18,TDB_CUST_5214938,TSLA,BUY,1,638.02
TDB_000003159,2024-09-19 22:16:18,TDB_CUST_5214938,TSLA,BUY,1,638.02
TDB_000003160,2024-09-19 22:16:18,TDB_CUST_5214938,TSLA,BUY,1,638.02
TDB_000003161,2024-09-19 22:16:18,TDB_CUST_5214938,TSLA,BUY,1,638.02
TDB_000003162,2024-09-19 22:16:18,TDB_CUST_5214938,TSLA,BUY,1,638.02
TDB_000003163,2024-09-19 22:16:18,TDB_CUST_5214938,TSLA,BUY,1,638.02
TDB_000003164,2024-09-19 22:16:18,TDB_CUST_5214938,TSLA,BUY,1,638.02
TDB_000003165,2024-09-19 22:16:18,TDB_CUST_5214938,TSLA,BUY,1,638.02
TDB_000003166,2024-09-19 22:16:18,TDB_CUST_5214938,TSLA,BUY,1,638.02
TDB_000003167,2024-09-19 22:16:18,TDB_CUST_5214938,TSLA,BUY,1,638.02
TDB_000003168,2024-09-19 22:16:18,TDB_CUST_5214938,TSLA,BUY,1,638.02
TDB_000003169,2024-09-19 22:16:18,TDB_CUST_5214938,TSLA,BUY,1,638.02
TDB_000003170,2024-09-19 22:16:18,TDB_CUST_5214938,TSLA,BUY,1,638.02
TDB_000003171,2024-09-19 22:16:18,TDB_CUST_5214938,TSLA,BUY,1,638.02
TDB_000003172,2024-09-19 22:16:18,TDB_CUST_5214938,TSLA,BUY,1,638.02
TDB_000003173,2024-09-19 22:16:18,TDB_CUST_5214938,TSLA,BUY,1,638.02
TDB_000003174,2024-09-19 22:16:18,TDB_CUST_5214938,TSLA,BUY,1,638.02
TDB_000003175,2024-09-19 22:16:18,TDB_CUST_5214938,TSLA,BUY,1,638.02
TDB_000003176,2024-09-19 22:16:18,TDB_CUST_5214938,TSLA,BUY,1,638.02
TDB_000003177,2024-09-19 22:16:18,TDB_CUST_5214938,TSLA,BUY,1,638.02
TDB_000003178,2024-09-19 22:16:18,TDB_CUST_5214938,TSLA,BUY,1,638.02
TDB_000003179,2024-09-19 22:16:18,TDB_CUST_5214938,TSLA,BUY,1,638.02
TDB_000003180,2024-09-19 22:16:18,TDB_CUST_5214938,TSLA,BUY,1,638.02
TDB_000003181,2024-09-19 22:16:18,TDB_CUST_5214938,TSLA,BUY,1,638.02
TDB_000003182,2024-09-19 22:16:18,TDB_CUST_5214938,TSLA,BUY,1,638.02
TDB_000003183,2024-09-19 22:16:18,TDB_CUST_5214938,TSLA,BUY,1,638.02
TDB_000003184,2024-09-19 22:16:18,TDB_CUST_5214938,TSLA,BUY,1,638.02
TDB_000003185,2024-09-19 22:16:18,TDB_CUST_5214938,TSLA,BUY,1,638.02
TDB_000003186,2024-09-19 22:16:18,TDB_CUST_5214938,TSLA,BUY,1,638.02
TDB_000003187,2024-09-19 22:16:18,TDB_CUST_5214938,TSLA,BUY,1,638.02
TDB_000003188,2024-09-19 22:16:18,TDB_CUST_5214938,TSLA,BUY,1,638.02
TDB_000003189,2024-09-19 22:16:18,TDB_CUST_5214938,TSLA,BUY,1,638.02
TDB_000003190,2024-09-19 22:16:18,TDB_CUST_5214938,TSLA,BUY,1,638.02
TDB_000003191,2024-09-19 22:16:18,TDB_CUST_5214938,TSLA,BUY,1,638.02
TDB_000003192,2024-09-19 22:16:18,TDB_CUST_5214938,TSLA,BUY,1,638.02
TDB_000003193,2024-09-19 22:16:18,TDB_CUST_5214938,TSLA,BUY,1,638.02
TDB_000003194,2024-09-19 22:16:18,TDB_CUST_5214938,TSLA,BUY,1,638.02
TDB_000003195,2024-09-19 22:16:18,TDB_CUST_5214938,TSLA,BUY,1,638.02
TDB_000003196,2024-09-19 22:16:18,TDB_CUST_5214938,TSLA,BUY,1,638.02
TDB_000003197,2024-09-19 22:16:18,TDB_CUST_5214938,TSLA,BUY,1,638.02
TDB_000003198,2024-09-19 22:16:18,TDB_CUST_5214938,TSLA,BUY,1,638.02
TDB_000003199,2024-09-19 22:16:18,TDB_CUST_5214938,TSLA,BUY,1,638.02
TDB_000003200,2024-09-19 22:16:18,TDB_CUST_5214938,TSLA,BUY,1,638.02
TDB_000003201,2024-09-19 22:16:18,TDB_CUST_5214938,TSLA,BUY,1,638.02
TDB_000003202,2024-09-19 22:16:18,TDB_CUST_5214938,TSLA,BUY,1,638.02
TDB_000003203,2024-09-19 22:16:18,TDB_CUST_5214938,TSLA,BUY,1,638.02
TDB_000003204,2024-09-19 22:16:18,TDB_CUST_5214938,TSLA,BUY,1,638.02
TDB_000003205,2024-09-19 22:16:18,TDB_CUST_5214938,TSLA,BUY,1,638.02
TDB_000003206,2024-09-19 22:16:18,TDB_CUST_5214938,TSLA,BUY,1,638.02
TDB_000003207,2024-09-19 22:16:18,TDB_CUST_5214938,TSLA,BUY,1,638.02
TDB_000003208,2024-09-19 22:16:18,TDB_CUST_5214938,TSLA,BUY,1,638.02
TDB_000003209,2024-09-19 22:16:18,TDB_CUST_5214938,TSLA,BUY,1,638.02
TDB_000003210,2024-09-19 22:16:18,TDB_CUST_5214938,TSLA,BUY,1,638.02
TDB_000003211,2024-09-19 22:16:18,TDB_CUST_5214938,TSLA,BUY,1,638.02
TDB_000003212,2024-09-19 22:16:18,TDB_CUST_5214938,TSLA,BUY,1,638.02
TDB_000003213,2024-09-19 22:16:18,TDB_CUST_5214938,TSLA,BUY,1,638.02
TDB_000003214,2024-09-19 22:16:18,TDB_CUST_5214938,TSLA,BUY,1,638.02
TDB_000003215,2024-09-19 22:16:18,TDB_CUST_5214938,TSLA,BUY,1,638.02
TDB_000003216,2024-09-19 22:16:18,TDB_CUST_5214938,TSLA,BUY,1,638.02
TDB_000003217,2024-09-19 22:16:18,TDB_CUST_5214938,TSLA,BUY,1,638.02
TDB_000003218,2024-09-19 22:16:18,TDB_CUST_5214938,TSLA,BUY,1,638.02
TDB_000003219,2024-09-19 22:16:18,TDB_CUST_5214938,TSLA,BUY,1,638.02
TDB_000003220,2024-09-19 22:16:18,TDB_CUST_5214938,TSLA,BUY,1,638.02
TDB_000003221,2024-09-19 22:16:18,TDB_CUST_5214938,TSLA,BUY,1,638.02
TDB_000003222,2024-09-19 22:16:18,TDB_CUST_5214938,TSLA,BUY,1,638.02
TDB_000003223,2024-09-19 22:16:18,TDB_CUST_5214938,TSLA,BUY,1,638.02
TDB_000003224,2024-09-19 22:16:18,TDB_CUST_5214938,TSLA,BUY,1,638.02
TDB_000003225,2024-09-19 22:16:18,TDB_CUST_5214938,TSLA,BUY,1,638.02
TDB_000003226,2024-09-19 22:16:18,TDB_CUST_5214938,TSLA,BUY,1,638.02
TDB_000003227,2024-09-19 22:16:18,TDB_CUST_5214938,TSLA,BUY,1,638.02
TDB_000003228,2024-09-19 22:16:18,TDB_CUST_5214938,TSLA,BUY,1,638.02
TDB_000003229,2024-09-19 22:16:18,TDB_CUST_5214938,TSLA,BUY,1,638.02
TDB_000003230,2024-09-19 22:16:18,TDB_CUST_5214938,TSLA,BUY,1,638.02
TDB_000003231,2024-09-19 22:16:18,TDB_CUST_5214938,TSLA,BUY,1,638.02
TDB_000003232,2024-09-19 22:16:18,TDB_CUST_5214938,TSLA,BUY,1,638.02
TDB_000003233,2024-09-19 22:16:18,TDB_CUST_5214938,TSLA,BUY,1,638.02
TDB_000003234,2024-09-19 22:16:18,TDB_CUST_5214938,TSLA,BUY,1,638.02
TDB_000003235,2024-09-19 22:16:18,TDB_CUST_5214938,TSLA,BUY,1,638.02
TDB_000003236,2024-09-19 22:16:18,TDB_CUST_5214938,TSLA,BUY,1,638.02
TDB_000003237,2024-09-19 22:16:18,TDB_CUST_5214938,TSLA,BUY,1,638.02
TDB_000003238,2024-09-19 22:16:18,TDB_CUST_5214938,TSLA,BUY,1,638.02
TDB_000003239,2024-09-19 22:16:18,TDB_CUST_5214938,TSLA,BUY,1,638.02
TDB_000003240,2024-09-19 22:16:18,TDB_CUST_5214938,TSLA,BUY,1,638.02
TDB_000003241,2024-09-19 22:16:18,TDB_CUST_5214938,TSLA,BUY,1,638.02
TDB_000003242,2024-09-19 22:16:18,TDB_CUST_5214938,TSLA,BUY,1,638.02
TDB_000003243,2024-09-19 22:16:18,TDB_CUST_5214938,TSLA,BUY,1,638.02
TDB_000003244,2024-09-19 22:16:18,TDB_CUST_5214938,TSLA,BUY,1,638.02
TDB_000003245,2024-09-19 22:16:18,TDB_CUST_5214938,TSLA,BUY,1,638.02
TDB_000003246,2024-09-19 22:16:18,TDB_CUST_5214938,TSLA,BUY,1,638.02
TDB_000003247,2024-09-19 22:16:18,TDB_CUST_5214938,TSLA,BUY,1,638.02
TDB_000003248,2024-09-19 22:16:18,TDB_CUST_5214938,TSLA,BUY,1,638.02
TDB_000003249,2024-09-19 22:16:18,TDB_CUST_5214938,TSLA,BUY,1,638.02
TDB_000003250,2024-09-19 22:16:18,TDB_CUST_5214938,TSLA,BUY,1,638.02
TDB_000003251,2024-09-19 22:16:18,TDB_CUST_5214938,TSLA,BUY,1,638.02
TDB_000003252,2024-09-19 22:16:18,TDB_CUST_5214938,TSLA,BUY,1,638.02
TDB_000003253,2024-09-19 22:16:18,TDB_CUST_5214938,TSLA,BUY,1,638.02
TDB_000003254,2024-09-19 22:16:18,TDB_CUST_5214938,TSLA,BUY,1,638.02
TDB_000003255,2024-09-19 22:16:18,TDB_CUST_5214938,TSLA,BUY,1,638.02
TDB_000003256,2024-09-19 22:16:18,TDB_CUST_5214938,TSLA,BUY,1,638.02
TDB_000003257,2024-09-19 22:16:18,TDB_CUST_5214938,TSLA,BUY,1,638.02
TDB_000003258,2024-09-19 22:16:18,TDB_CUST_5214938,TSLA,BUY,1,638.02
TDB_000003259,2024-09-19 22:16:18,TDB_CUST_5214938,TSLA,BUY,1,638.02
TDB_000003260,2024-09-19 22:16:18,TDB_CUST_5214938,TSLA,BUY,1,638.02
TDB_000003261,2024-09-19 22:16:18,TDB_CUST_5214938,TSLA,BUY,1,638.02
TDB_000003262,2024-09-19 22:16:18,TDB_CUST_5214938,TSLA,BUY,1,638.02
TDB_000003263,2024-09-19 22:16:18,TDB_CUST_5214938,TSLA,BUY,1,638.02
TDB_000003264,2024-09-19 22:16:18,TDB_CUST_5214938,TSLA,BUY,1,638.02
TDB_000003265,2024-09-19 22:16:18,TDB_CUST_5214938,TSLA,BUY,1,638.02
TDB_000003266,2024-09-19 22:16:18,TDB_CUST_5214938,TSLA,BUY,1,638.02
TDB_000003267,2024-09-19 22:16:18,TDB_CUST_5214938,TSLA,BUY,1,638.02
TDB_000003268,2024-09-19 22:16:18,TDB_CUST_5214938,TSLA,BUY,1,638.02
TDB_000003269,2024-09-19 22:16:18,TDB_CUST_5214938,TSLA,BUY,1,638.02
TDB_000003270,2024-09-19 22:16:18,TDB_CUST_5214938,TSLA,BUY,1,638.02
TDB_000003271,2024-09-19 22:16:18,TDB_CUST_5214938,TSLA,BUY,1,638.02
TDB_000003272,2024-09-19 22:16:18,TDB_CUST_5214938,TSLA,BUY,1,638.02
TDB_000003273,2024-09-19 22:16:18,TDB_CUST_5214938,TSLA,BUY,1,638.02
TDB_000003274,2024-09-19 22:16:18,TDB_CUST_5214938,TSLA,BUY,1,638.02
TDB_000003275,2024-09-19 22:16:18,TDB_CUST_5214938,TSLA,BUY,1,638.02
TDB_000003276,2024-09-19 22:16:18,TDB_CUST_5214938,TSLA,BUY,1,638.02
TDB_000003277,2024-09-19 22:16:18,TDB_CUST_5214938,TSLA,BUY,1,638.02
TDB_000003278,2024-09-19 22:16:18,TDB_CUST_5214938,TSLA,BUY,1,638.02
TDB_000003279,2024-09-19 22:16:18,TDB_CUST_5214938,TSLA,BUY,1,638.02
TDB_000003280,2024-09-19 22:16:18,TDB_CUST_5214938,TSLA,BUY,1,638.02
TDB_000003281,2024-09-19 22:16:18,TDB_CUST_5214938,TSLA,BUY,1,638.02
TDB_000003282,2024-09-19 22:16:18,TDB_CUST_5214938,TSLA,BUY,1,638.02
TDB_000003283,2024-09-19 22:16:18,TDB_CUST_5214938,TSLA,BUY,1,638.02
TDB_000003284,2024-09-19 22:16:18,TDB_CUST_5214938,TSLA,BUY,1,638.02
TDB_000003285,2024-09-19 22:16:18,TDB_CUST_5214938,TSLA,BUY,1,638.02
TDB_000003286,2024-09-19 22:16:18,TDB_CUST_5214938,TSLA,BUY,1,638.02
TDB_000003287,2024-09-19 22:16:18,TDB_CUST_5214938,TSLA,BUY,1,638.02
TDB_000003288,2024-09-19 22:16:18,TDB_CUST_5214938,TSLA,BUY,1,638.02
TDB_000003289,2024-09-19 22:16:18,TDB_CUST_5214938,TSLA,BUY,1,638.02
TDB_000003290,2024-09-19 22:16:18,TDB_CUST_5214938,TSLA,BUY,1,638.02
TDB_000003291,2024-09-19 22:16:18,TDB_CUST_5214938,TSLA,BUY,1,638.02
TDB_000003292,2024-09-19 22:16:18,TDB_CUST_5214938,TSLA,BUY,1,638.02
TDB_000003293,2024-09-19 22:16:18,TDB_CUST_5214938,TSLA,BUY,1,638.02
TDB_000003294,2024-09-19 22:16:18,TDB_CUST_5214938,TSLA,BUY,1,638.02
TDB_000003295,2024-09-19 22:16:18,TDB_CUST_5214938,TSLA,BUY,1,638.02
TDB_000003296,2024-09-19 22:16:18,TDB_CUST_5214938,TSLA,BUY,1,638.02
TDB_000003297,2024-09-19 22:16:18,TDB_CUST_5214938,TSLA,BUY,1,638.02
TDB_000003298,2024-09-19 22:16:18,TDB_CUST_5214938,TSLA,BUY,1,638.02
TDB_000003299,2024-09-19 22:16:18,TDB_CUST_5214938,TSLA,BUY,1,638.02
TDB_000003300,2024-09-19 22:16:18,TDB_CUST_5214938,TSLA,BUY,1,638.02
TDB_000003301,2024-09-19 22:16:18,TDB_CUST_5214938,TSLA,BUY,1,638.02
TDB_000003302,2024-09-19 22:16:18,TDB_CUST_5214938,TSLA,BUY,1,638.02
TDB_000003303,2024-09-19 22:16:18,TDB_CUST_5214938,TSLA,BUY,1,638.02
TDB_000003304,2024-09-19 22:16:18,TDB_CUST_5214938,TSLA,BUY,1,638.02
TDB_000003305,2024-09-19 22:16:18,TDB_CUST_5214938,TSLA,BUY,1,638.02
TDB_000003306,2024-09-19 22:16:18,TDB_CUST_5214938,TSLA,BUY,1,638.02
TDB_000003307,2024-09-19 22:16:18,TDB_CUST_5214938,TSLA,BUY,1,638.02
TDB_000003308,2024-09-19 22:16:18,TDB_CUST_5214938,TSLA,BUY,1,638.02
TDB_000003309,2024-09-19 22:16:18,TDB_CUST_5214938,TSLA,BUY,1,638.02
TDB_000003310,2024-09-19 22:16:18,TDB_CUST_5214938,TSLA,BUY,1,638.02
TDB_000003311,2024-09-19 22:16:18,TDB_CUST_5214938,TSLA,BUY,1,638.02
TDB_000003312,2024-09-19 22:16:18,TDB_CUST_5214938,TSLA,BUY,1,638.02
TDB_000003313,2024-09-19 22:16:18,TDB_CUST_5214938,TSLA,BUY,1,638.02
TDB_000003314,2024-09-19 22:16:18,TDB_CUST_5214938,TSLA,BUY,1,638.02
TDB_000003315,2024-09-19 22:16:18,TDB_CUST_5214938,TSLA,BUY,1,638.02
TDB_000003316,2024-09-19 22:16:18,TDB_CUST_5214938,TSLA,BUY,1,638.02
TDB_000003317,2024-09-19 22:16:18,TDB_CUST_5214938,TSLA,BUY,1,638.02
TDB_000003318,2024-09-19 22:16:18,TDB_CUST_5214938,TSLA,BUY,1,638.02
TDB_000003319,2024-09-19 22:16:18,TDB_CUST_5214938,TSLA,BUY,1,638.02
TDB_000003320,2024-09-19 22:16:18,TDB_CUST_5214938,TSLA,BUY,1,638.02
TDB_000003321,2024-09-19 22:16:18,TDB_CUST_5214938,TSLA,BUY,1,638.02
TDB_000003322,2024-09-19 22:16:18,TDB_CUST_5214938,TSLA,BUY,1,638.02
TDB_000003323,2024-09-19 22:16:18,TDB_CUST_5214938,TSLA,BUY,1,638.02
TDB_000003324,2024-09-19 22:16:18,TDB_CUST_5214938,TSLA,BUY,1,638.02
TDB_000003325,2024-09-19 22:16:18,TDB_CUST_5214938,TSLA,BUY,1,638.02
TDB_000003326,2024-09-19 22:16:18,TDB_CUST_5214938,TSLA,BUY,1,638.02
TDB_000003327,2024-09-19 22:16:18,TDB_CUST_5214938,TSLA,BUY,1,638.02
TDB_000003328,2024-09-19 22:16:18,TDB_CUST_5214938,TSLA,BUY,1,638.02
TDB_000003329,2024-09-19 22:16:18,TDB_CUST_5214938,TSLA,BUY,1,638.02
TDB_000003330,2024-09-19 22:16:18,TDB_CUST_5214938,TSLA,BUY,1,638.02
TDB_000003331,2024-09-19 22:16:18,TDB_CUST_5214938,TSLA,BUY,1,638.02
TDB_000003332,2024-09-19 22:16:18,TDB_CUST_5214938,TSLA,BUY,1,638.02
TDB_000003333,2024-09-19 22:16:18,TDB_CUST_5214938,TSLA,BUY,1,638.02
TDB_000003334,2024-09-19 22:16:18,TDB_CUST_5214938,TSLA,BUY,1,638.02
TDB_000003335,2024-09-19 22:16:18,TDB_CUST_5214938,TSLA,BUY,1,638.02
TDB_000003336,2024-09-19 22:16:18,TDB_CUST_5214938,TSLA,BUY,1,638.02
TDB_000003337,2024-09-19 22:16:18,TDB_CUST_5214938,TSLA,BUY,1,638.02
TDB_000003338,2024-09-19 22:16:18,TDB_CUST_5214938,TSLA,BUY,1,638.02
TDB_000003339,2024-09-19 22:16:18,TDB_CUST_5214938,TSLA,BUY,1,638.02
TDB_000003340,2024-09-19 22:16:18,TDB_CUST_5214938,TSLA,BUY,1,638.02
TDB_000003341,2024-09-19 22:16:18,TDB_CUST_5214938,TSLA,BUY,1,638.02
TDB_000003342,2024-09-19 22:16:18,TDB_CUST_5214938,TSLA,BUY,1,638.02
TDB_000003343,2024-09-19 22:16:18,TDB_CUST_5214938,TSLA,BUY,1,638.02
TDB_000003344,2024-09-19 22:16:18,TDB_CUST_5214938,TSLA,BUY,1,638.02
TDB_000003345,2024-09-19 22:16:18,TDB_CUST_5214938,TSLA,BUY,1,638.02
TDB_000003346,2024-09-19 22:16:18,TDB_CUST_5214938,TSLA,BUY,1,638.02
TDB_000003347,2024-09-19 22:16:18,TDB_CUST_5214938,TSLA,BUY,1,638.02
TDB_000003348,2024-09-19 22:16:18,TDB_CUST_5214938,TSLA,BUY,1,638.02
TDB_000003349,2024-09-19 22:16:18,TDB_CUST_5214938,TSLA,BUY,1,638.02
TDB_000003350,2024-09-19 22:16:18,TDB_CUST_5214938,TSLA,BUY,1,638.02
TDB_000003351,2024-09-19 22:16:18,TDB_CUST_5214938,TSLA,BUY,1,638.02
TDB_000003352,2024-09-19 22:16:18,TDB_CUST_5214938,TSLA,BUY,1,638.02
TDB_000003353,2024-09-19 22:16:18,TDB_CUST_5214938,TSLA,BUY,1,638.02
TDB_000003354,2024-09-19 22:16:18,TDB_CUST_5214938,TSLA,BUY,1,638.02
TDB_000003355,2024-09-19 22:16:18,TDB_CUST_5214938,TSLA,BUY,1,638.02
TDB_000003356,2024-09-19 22:16:18,TDB_CUST_5214938,TSLA,BUY,1,638.02
TDB_000003357,2024-09-19 22:16:18,TDB_CUST_5214938,TSLA,BUY,1,638.02
TDB_000003358,2024-09-19 22:16:18,TDB_CUST_5214938,TSLA,BUY,1,638.02
TDB_000003359,2024-09-19 22:16:18,TDB_CUST_5214938,TSLA,BUY,1,638.02
TDB_000003360,2024-09-19 22:16:18,TDB_CUST_5214938,TSLA,BUY,1,638.02
TDB_000003361,2024-09-19 22:16:18,TDB_CUST_5214938,TSLA,BUY,1,638.02
TDB_000003362,2024-09-19 22:16:18,TDB_CUST_5214938,TSLA,BUY,1,638.02
TDB_000003363,2024-09-19 22:16:18,TDB_CUST_5214938,TSLA,BUY,1,638.02
TDB_000003364,2024-09-19 22:16:18,TDB_CUST_5214938,TSLA,BUY,1,638.02
TDB_000003365,2024-09-19 22:16:18,TDB_CUST_5214938,TSLA,BUY,1,638.02
TDB_000003366,2024-09-19 22:16:18,TDB_CUST_5214938,TSLA,BUY,1,638.02
TDB_000003367,2024-09-19 22:16:18,TDB_CUST_5214938,TSLA,BUY,1,638.02
TDB_000003368,2024-09-19 22:16:18,TDB_CUST_5214938,TSLA,BUY,1,638.02
TDB_000003369,2024-09-19 22:16:18,TDB_CUST_5214938,TSLA,BUY,1,638.02
TDB_000003370,2024-09-19 22:16:18,TDB_CUST_5214938,TSLA,BUY,1,638.02
TDB_000003371,2024-09-19 22:16:18,TDB_CUST_5214938,TSLA,BUY,1,638.02
TDB_000003372,2024-09-19 22:16:18,TDB_CUST_5214938,TSLA,BUY,1,638.02
TDB_000003373,2024-09-19 22:16:18,TDB_CUST_5214938,TSLA,BUY,1,638.02
TDB_000003374,2024-09-19 22:16:18,TDB_CUST_5214938,TSLA,BUY,1,638.02
TDB_000003375,2024-09-19 22:16:18,TDB_CUST_5214938,TSLA,BUY,1,638.02
TDB_000003376,2024-09-19 22:16:18,TDB_CUST_5214938,TSLA,BUY,1,638.02
TDB_000003377,2024-09-19 22:16:18,TDB_CUST_5214938,TSLA,BUY,1,638.02
TDB_000003378,2024-09-19 22:16:18,TDB_CUST_5214938,TSLA,BUY,1,638.02
TDB_000003379,2024-09-19 22:16:18,TDB_CUST_5214938,TSLA,BUY,1,638.02
TDB_000003380,2024-09-19 22:16:18,TDB_CUST_5214938,TSLA,BUY,1,638.02
TDB_000003381,2024-09-19 22:16:18,TDB_CUST_5214938,TSLA,BUY,1,638.02
TDB_000003382,2024-09-19 22:16:18,TDB_CUST_5214938,TSLA,BUY,1,638.02
TDB_000003383,2024-09-19 22:16:18,TDB_CUST_5214938,TSLA,BUY,1,638.02
TDB_000003384,2024-09-19 22:16:18,TDB_CUST_5214938,TSLA,BUY,1,638.02
TDB_000003385,2024-09-19 22:16:18,TDB_CUST_5214938,TSLA,BUY,1,638.02
TDB_000003386,2024-09-19 22:16:18,TDB_CUST_5214938,TSLA,BUY,1,638.02
TDB_000003387,2024-09-19 22:16:18,TDB_CUST_5214938,TSLA,BUY,1,638.02
TDB_000003388,2024-09-19 22:16:18,TDB_CUST_5214938,TSLA,BUY,1,638.02
TDB_000003389,2024-09-19 22:16:18,TDB_CUST_5214938,TSLA,BUY,1,638.02
TDB_000003390,2024-09-19 22:16:18,TDB_CUST_5214938,TSLA,BUY,1,638.02
TDB_000003391,2024-09-19 22:16:18,TDB_CUST_5214938,TSLA,BUY,1,638.02
TDB_000003392,2024-09-19 22:16:18,TDB_CUST_5214938,TSLA,BUY,1,638.02
TDB_000003393,2024-09-19 22:16:18,TDB_CUST_5214938,TSLA,BUY,1,638.02
TDB_000003394,2024-09-19 22:16:18,TDB_CUST_5214938,TSLA,BUY,1,638.02
TDB_000003395,2024-09-19 22:16:18,TDB_CUST_5214938,TSLA,BUY,1,638.02
TDB_000003396,2024-09-19 22:16:18,TDB_CUST_5214938,TSLA,BUY,1,638.02
TDB_000003397,2024-09-19 22:16:18,TDB_CUST_5214938,TSLA,BUY,1,638.02
TDB_000003398,2024-09-19 22:16:18,TDB_CUST_5214938,TSLA,BUY,1,638.02
TDB_000003399,2024-09-19 22:16:18,TDB_CUST_5214938,TSLA,BUY,1,638.02
TDB_000003400,2024-09-19 22:16:18,TDB_CUST_5214938,TSLA,BUY,1,638.02
TDB_000003401,2024-09-19 22:16:18,TDB_CUST_5214938,TSLA,BUY,1,638.02
TDB_000003402,2024-09-19 22:16:18,TDB_CUST_5214938,TSLA,BUY,1,638.02
TDB_000003403,2024-09-19 22:16:18,TDB_CUST_5214938,TSLA,BUY,1,638.02
TDB_000003404,2024-09-19 22:16:18,TDB_CUST_5214938,TSLA,BUY,1,638.02
TDB_000003405,2024-09-19 22:16:18,TDB_CUST_5214938,TSLA,BUY,1,638.02
TDB_000003406,2024-09-19 22:16:18,TDB_CUST_5214938,TSLA,BUY,1,638.02
TDB_000003407,2024-09-19 22:16:18,TDB_CUST_5214938,TSLA,BUY,1,638.02
TDB_000003408,2024-09-19 22:16:18,TDB_CUST_5214938,TSLA,BUY,1,638.02
TDB_000003409,2024-09-19 22:16:18,TDB_CUST_5214938,TSLA,BUY,1,638.02
TDB_000003410,2024-09-19 22:16:18,TDB_CUST_5214938,TSLA,BUY,1,638.02
TDB_000003411,2024-09-19 22:16:18,TDB_CUST_5214938,TSLA,BUY,1,638.02
TDB_000003412,2024-09-19 22:16:18,TDB_CUST_5214938,TSLA,BUY,1,638.02
TDB_000003413,2024-09-19 22:16:18,TDB_CUST_5214938,TSLA,BUY,1,638.02
TDB_000003414,2024-09-19 22:16:18,TDB_CUST_5214938,TSLA,BUY,1,638.02
TDB_000003415,2024-09-19 22:16:18,TDB_CUST_5214938,TSLA,BUY,1,638.02
TDB_000003416,2024-09-19 22:16:18,TDB_CUST_5214938,TSLA,BUY,1,638.02
TDB_000003417,2024-09-19 22:16:18,TDB_CUST_5214938,TSLA,BUY,1,638.02
TDB_000003418,2024-09-19 22:16:18,TDB_CUST_5214938,TSLA,BUY,1,638.02
TDB_000003419,2024-09-19 22:16:18,TDB_CUST_5214938,TSLA,BUY,1,638.02
TDB_000003420,2024-09-19 22:16:18,TDB_CUST_5214938,TSLA,BUY,1,638.02
TDB_000003421,2024-09-19 22:16:18,TDB_CUST_5214938,TSLA,BUY,1,638.02
TDB_000003422,2024-09-19 22:16:18,TDB_CUST_5214938,TSLA,BUY,1,638.02
TDB_000003423,2024-09-19 22:16:18,TDB_CUST_5214938,TSLA,BUY,1,638.02
TDB_000003424,2024-09-19 22:16:18,TDB_CUST_5214938,TSLA,BUY,1,638.02
TDB_000003425,2024-09-19 22:16:18,TDB_CUST_5214938,TSLA,BUY,1,638.02
TDB_000003426,2024-09-19 22:16:18,TDB_CUST_5214938,TSLA,BUY,1,638.02
TDB_000003427,2024-09-19 22:16:18,TDB_CUST_5214938,TSLA,BUY,1,638.02
TDB_000003428,2024-09-19 22:16:18,TDB_CUST_5214938,TSLA,BUY,1,638.02
TDB_000003429,2024-09-19 22:16:18,TDB_CUST_5214938,TSLA,BUY,1,638.02
TDB_000003430,2024-09-19 22:16:18,TDB_CUST_5214938,TSLA,BUY,1,638.02
TDB_000003431,2024-09-19 22:16:18,TDB_CUST_5214938,TSLA,BUY,1,638.02
TDB_000003432,2024-09-19 22:16:18,TDB_CUST_5214938,TSLA,BUY,1,638.02
TDB_000003433,2024-09-19 22:16:18,TDB_CUST_5214938,TSLA,BUY,1,638.02
TDB_000003434,2024-09-19 22:16:18,TDB_CUST_5214938,TSLA,BUY,1,638.02
TDB_000003435,2024-09-19 22:16:18,TDB_CUST_5214938,TSLA,BUY,1,638.02
TDB_000003436,2024-09-19 22:16:18,TDB_CUST_5214938,TSLA,BUY,1,638.02
TDB_000003437,2024-09-19 22:16:18,TDB_CUST_5214938,TSLA,BUY,1,638.02
TDB_000003438,2024-09-19 22:16:18,TDB_CUST_5214938,TSLA,BUY,1,638.02
TDB_000003439,2024-09-19 22:16:18,TDB_CUST_5214938,TSLA,BUY,1,638.02
TDB_000003440,2024-09-19 22:16:18,TDB_CUST_5214938,TSLA,BUY,1,638.02
TDB_000003441,2024-09-19 22:16:18,TDB_CUST_5214938,TSLA,BUY,1,638.02
TDB_000003442,2024-09-19 22:16:18,TDB_CUST_5214938,TSLA,BUY,1,638.02
TDB_000003443,2024-09-19 22:16:18,TDB_CUST_5214938,TSLA,BUY,1,638.02
TDB_000003444,2024-09-19 22:16:18,TDB_CUST_5214938,TSLA,BUY,1,638.02
TDB_000003445,2024-09-19 22:16:18,TDB_CUST_5214938,TSLA,BUY,1,638.02
TDB_000003446,2024-09-19 22:16:18,TDB_CUST_5214938,TSLA,BUY,1,638.02
TDB_000003447,2024-09-19 22:16:18,TDB_CUST_5214938,TSLA,BUY,1,638.02
TDB_000003448,2024-09-19 22:16:18,TDB_CUST_5214938,TSLA,BUY,1,638.02
TDB_000003449,2024-09-19 22:16:18,TDB_CUST_5214938,TSLA,BUY,1,638.02
TDB_000003450,2024-09-19 22:16:18,TDB_CUST_5214938,TSLA,BUY,1,638.02
TDB_000003451,2024-09-19 22:16:18,TDB_CUST_5214938,TSLA,BUY,1,638.02
TDB_000003452,2024-09-19 22:16:18,TDB_CUST_5214938,TSLA,BUY,1,638.02
TDB_000003453,2024-09-19 22:16:18,TDB_CUST_5214938,TSLA,BUY,1,638.02
TDB_000003454,2024-09-19 22:16:18,TDB_CUST_5214938,TSLA,BUY,1,638.02
TDB_000003455,2024-09-19 22:16:18,TDB_CUST_5214938,TSLA,BUY,1,638.02
TDB_000003456,2024-09-19 22:16:18,TDB_CUST_5214938,TSLA,BUY,1,638.02
TDB_000003457,2024-09-19 22:16:18,TDB_CUST_5214938,TSLA,BUY,1,638.02
TDB_000003458,2024-09-19 22:16:18,TDB_CUST_5214938,TSLA,BUY,1,638.02
TDB_000003459,2024-09-19 22:16:18,TDB_CUST_5214938,TSLA,BUY,1,638.02
TDB_000003460,2024-09-19 22:16:18,TDB_CUST_5214938,TSLA,BUY,1,638.02
TDB_000003461,2024-09-19 22:16:18,TDB_CUST_5214938,TSLA,BUY,1,638.02
TDB_000003462,2024-09-19 22:16:18,TDB_CUST_5214938,TSLA,BUY,1,638.02
TDB_000003463,2024-09-19 22:16:18,TDB_CUST_5214938,TSLA,BUY,1,638.02
TDB_000003464,2024-09-19 22:16:18,TDB_CUST_5214938,TSLA,BUY,1,638.02
TDB_000003465,2024-09-19 22:16:18,TDB_CUST_5214938,TSLA,BUY,1,638.02
TDB_000003466,2024-09-19 22:16:18,TDB_CUST_5214938,TSLA,BUY,1,638.02
TDB_000003467,2024-09-19 22:16:18,TDB_CUST_5214938,TSLA,BUY,1,638.02
TDB_000003468,2024-09-19 22:16:18,TDB_CUST_5214938,TSLA,BUY,1,638.02
TDB_000003469,2024-09-19 22:16:18,TDB_CUST_5214938,TSLA,BUY,1,638.02
TDB_000003470,2024-09-19 22:16:18,TDB_CUST_5214938,TSLA,BUY,1,638.02
TDB_000003471,2024-09-19 22:16:18,TDB_CUST_5214938,TSLA,BUY,1,638.02
TDB_000003472,2024-09-19 22:16:18,TDB_CUST_5214938,TSLA,BUY,1,638.02
TDB_000003473,2024-09-19 22:16:18,TDB_CUST_5214938,TSLA,BUY,1,638.02
TDB_000003474,2024-09-19 22:16:18,TDB_CUST_5214938,TSLA,BUY,1,638.02
TDB_000003475,2024-09-19 22:16:18,TDB_CUST_5214938,TSLA,BUY,1,638.02
TDB_000003476,2024-09-19 22:16:18,TDB_CUST_5214938,TSLA,BUY,1,638.02
TDB_000003477,2024-09-19 22:16:18,TDB_CUST_5214938,TSLA,BUY,1,638.02
TDB_000003478,2024-09-19 22:16:18,TDB_CUST_5214938,TSLA,BUY,1,638.02
TDB_000003479,2024-09-19 22:16:18,TDB_CUST_5214938,TSLA,BUY,1,638.02
TDB_000003480,2024-09-19 22:16:18,TDB_CUST_5214938,TSLA,BUY,1,638.02
TDB_000003481,2024-09-19 22:16:18,TDB_CUST_5214938,TSLA,BUY,1,638.02
TDB_000003482,2024-09-19 22:16:18,TDB_CUST_5214938,TSLA,BUY,1,638.02
TDB_000003483,2024-09-19 22:16:18,TDB_CUST_5214938,TSLA,BUY,1,638.02
TDB_000003484,2024-09-19 22:16:18,TDB_CUST_5214938,TSLA,BUY,1,638.02
TDB_000003485,2024-09-19 22:16:18,TDB_CUST_5214938,TSLA,BUY,1,638.02
TDB_000003486,2024-09-19 22:16:18,TDB_CUST_5214938,TSLA,BUY,1,638.02
TDB_000003487,2024-09-19 22:16:18,TDB_CUST_5214938,TSLA,BUY,1,638.02
TDB_000003488,2024-09-19 22:16:18,TDB_CUST_5214938,TSLA,BUY,1,638.02
TDB_000003489,2024-09-19 22:16:18,TDB_CUST_5214938,TSLA,BUY,1,638.02
TDB_000003490,2024-09-19 22:16:18,TDB_CUST_5214938,TSLA,BUY,1,638.02
TDB_000003491,2024-09-19 22:16:18,TDB_CUST_5214938,TSLA,BUY,1,638.02
TDB_000003492,2024-09-19 22:16:18,TDB_CUST_5214938,TSLA,BUY,1,638.02
TDB_000003493,2024-09-19 22:16:18,TDB_CUST_5214938,TSLA,BUY,1,638.02
TDB_000003494,2024-09-19 22:16:18,TDB_CUST_5214938,TSLA,BUY,1,638.02
TDB_000003495,2024-09-19 22:16:18,TDB_CUST_5214938,TSLA,BUY,1,638.02
TDB_000003496,2024-09-19 22:16:18,TDB_CUST_5214938,TSLA,BUY,1,638.02
TDB_000003497,2024-09-19 22:16:18,TDB_CUST_5214938,TSLA,BUY,1,638.02
TDB_000003498,2024-09-19 22:16:18,TDB_CUST_5214938,TSLA,BUY,1,638.02
TDB_000003499,2024-09-19 22:16:18,TDB_CUST_5214938,TSLA,BUY,1,638.02
TDB_000003500,2024-09-19 22:16:18,TDB_CUST_5214938,TSLA,BUY,1,638.02
TDB_000003501,2024-09-19 22:16:18,TDB_CUST_5214938,TSLA,BUY,1,638.02
TDB_000003502,2024-09-19 22:16:18,TDB_CUST_5214938,TSLA,BUY,1,638.02
TDB_000003503,2024-09-19 22:16:18,TDB_CUST_5214938,TSLA,BUY,1,638.02
TDB_000003504,2024-09-19 22:16:18,TDB_CUST_5214938,TSLA,BUY,1,638.02
TDB_000003505,2024-09-19 22:16:18,TDB_CUST_5214938,TSLA,BUY,1,638.02
TDB_000003506,2024-09-19 22:16:18,TDB_CUST_5214938,TSLA,BUY,1,638.02
TDB_000003507,2024-09-19 22:16:18,TDB_CUST_5214938,TSLA,BUY,1,638.02
TDB_000003508,2024-09-19 22:16:18,TDB_CUST_5214938,TSLA,BUY,1,638.02
TDB_000003509,2024-09-19 22:16:18,TDB_CUST_5214938,TSLA,BUY,1,638.02
TDB_000003510,2024-09-19 22:16:18,TDB_CUST_5214938,TSLA,BUY,1,638.02
TDB_000003511,2024-09-19 22:16:18,TDB_CUST_5214938,TSLA,BUY,1,638.02
TDB_000003512,2024-09-19 22:16:18,TDB_CUST_5214938,TSLA,BUY,1,638.02
TDB_000003513,2024-09-19 22:16:18,TDB_CUST_5214938,TSLA,BUY,1,638.02
TDB_000003514,2024-09-19 22:16:18,TDB_CUST_5214938,TSLA,BUY,1,638.02
TDB_000003515,2024-09-19 22:16:18,TDB_CUST_5214938,TSLA,BUY,1,638.02
TDB_000003516,2024-09-19 22:16:18,TDB_CUST_5214938,TSLA,BUY,1,638.02
TDB_000003517,2024-09-19 22:16:18,TDB_CUST_5214938,TSLA,BUY,1,638.02
TDB_000003518,2024-09-19 22:16:18,TDB_CUST_5214938,TSLA,BUY,1,638.02
TDB_000003519,2024-09-19 22:16:18,TDB_CUST_5214938,TSLA,BUY,1,638.02
TDB_000003520,2024-09-19 22:16:18,TDB_CUST_5214938,TSLA,BUY,1,638.02
TDB_000003521,2024-09-19 22:16:18,TDB_CUST_5214938,TSLA,BUY,1,638.02
TDB_000003522,2024-09-19 22:16:18,TDB_CUST_5214938,TSLA,BUY,1,638.02
TDB_000003523,2024-09-19 22:16:18,TDB_CUST_5214938,TSLA,BUY,1,638.02
TDB_000003524,2024-09-19 22:16:18,TDB_CUST_5214938,TSLA,BUY,1,638.02
TDB_000003525,2024-09-19 22:16:18,TDB_CUST_5214938,TSLA,BUY,1,638.02
TDB_000003526,2024-09-19 22:16:18,TDB_CUST_5214938,TSLA,BUY,1,638.02
TDB_000003527,2024-09-19 22:16:18,TDB_CUST_5214938,TSLA,BUY,1,638.02
TDB_000003528,2024-09-19 22:16:18,TDB_CUST_5214938,TSLA,BUY,1,638.02
TDB_000003529,2024-09-19 22:16:18,TDB_CUST_5214938,TSLA,BUY,1,638.02
TDB_000003530,2024-09-19 22:16:18,TDB_CUST_5214938,TSLA,BUY,1,638.02
TDB_000003531,2024-09-19 22:16:18,TDB_CUST_5214938,TSLA,BUY,1,638.02
TDB_000003532,2024-09-19 22:16:18,TDB_CUST_5214938,TSLA,BUY,1,638.02
TDB_000003533,2024-09-19 22:16:18,TDB_CUST_5214938,TSLA,BUY,1,638.02
TDB_000003534,2024-09-19 22:16:18,TDB_CUST_5214938,TSLA,BUY,1,638.02
TDB_000003535,2024-09-19 22:16:18,TDB_CUST_5214938,TSLA,BUY,1,638.02
TDB_000003536,2024-09-19 22:16:18,TDB_CUST_5214938,TSLA,BUY,1,638.02
TDB_000003537,2024-09-19 22:16:18,TDB_CUST_5214938,TSLA,BUY,1,638.02
TDB_000003538,2024-09-19 22:16:18,TDB_CUST_5214938,TSLA,BUY,1,638.02
TDB_000003539,2024-09-19 22:16:18,TDB_CUST_5214938,TSLA,BUY,1,638.02
TDB_000003540,2024-09-19 22:16:18,TDB_CUST_5214938,TSLA,BUY,1,638.02
TDB_000003541,2024-09-19 22:16:18,TDB_CUST_5214938,TSLA,BUY,1,638.02
TDB_000003542,2024-09-19 22:16:18,TDB_CUST_5214938,TSLA,BUY,1,638.02
TDB_000003543,2024-09-19 22:16:18,TDB_CUST_5214938,TSLA,BUY,1,638.02
TDB_000003544,2024-09-19 22:16:18,TDB_CUST_5214938,TSLA,BUY,1,638.02
TDB_000003545,2024-09-19 22:16:18,TDB_CUST_5214938,TSLA,BUY,1,638.02
TDB_000003546,2024-09-19 22:16:18,TDB_CUST_5214938,TSLA,BUY,1,638.02
TDB_000003547,2024-09-19 22:16:18,TDB_CUST_5214938,TSLA,BUY,1,638.02
TDB_000003548,2024-09-19 22:16:18,TDB_CUST_5214938,TSLA,BUY,1,638.02
TDB_000003549,2024-09-19 22:16:18,TDB_CUST_5214938,TSLA,BUY,1,638.02
TDB_000003550,2024-09-19 22:16:18,TDB_CUST_5214938,TSLA,BUY,1,638.02
TDB_000003551,2024-09-19 22:16:18,TDB_CUST_5214938,TSLA,BUY,1,638.02
TDB_000003552,2024-09-19 22:16:18,TDB_CUST_5214938,TSLA,BUY,1,638.02
TDB_000003553,2024-09-19 22:16:18,TDB_CUST_5214938,TSLA,BUY,1,638.02
TDB_000003554,2024-09-19 22:16:18,TDB_CUST_5214938,TSLA,BUY,1,638.02
TDB_000003555,2024-09-19 22:16:18,TDB_CUST_5214938,TSLA,BUY,1,638.02
TDB_000003556,2024-09-19 22:16:18,TDB_CUST_5214938,TSLA,BUY,1,638.02
TDB_000003557,2024-09-19 22:16:18,TDB_CUST_5214938,TSLA,BUY,1,638.02
TDB_000003558,2024-09-19 22:16:18,TDB_CUST_5214938,TSLA,BUY,1,638.02
TDB_000003559,2024-09-19 22:16:18,TDB_CUST_5214938,TSLA,BUY,1,638.02
TDB_000003560,2024-09-19 22:16:18,TDB_CUST_5214938,TSLA,BUY,1,638.02
TDB_000003561,2024-09-19 22:16:18,TDB_CUST_5214938,TSLA,BUY,1,638.02
TDB_000003562,2024-09-19 22:16:18,TDB_CUST_5214938,TSLA,BUY,1,638.02
TDB_000003563,2024-09-19 22:16:18,TDB_CUST_5214938,TSLA,BUY,1,638.02
TDB_000003564,2024-09-19 22:16:18,TDB_CUST_5214938,TSLA,BUY,1,638.02
TDB_000003565,2024-09-19 22:16:18,TDB_CUST_5214938,TSLA,BUY,1,638.02
TDB_000003566,2024-09-19 22:16:18,TDB_CUST_5214938,TSLA,BUY,1,638.02
TDB_000003567,2024-09-19 22:16:18,TDB_CUST_5214938,TSLA,BUY,1,638.02
TDB_000003568,2024-09-19 22:16:18,TDB_CUST_5214938,TSLA,BUY,1,638.02
TDB_000003569,2024-09-19 22:16:18,TDB_CUST_5214938,TSLA,BUY,1,638.02
TDB_000003570,2024-09-19 22:16:18,TDB_CUST_5214938,TSLA,BUY,1,638.02
TDB_000003571,2024-09-19 22:16:18,TDB_CUST_5214938,TSLA,BUY,1,638.02
TDB_000003572,2024-09-19 22:16:18,TDB_CUST_5214938,TSLA,BUY,1,638.02
TDB_000003573,2024-09-19 22:16:18,TDB_CUST_5214938,TSLA,BUY,1,638.02
TDB_000003574,2024-09-19 22:16:18,TDB_CUST_5214938,TSLA,BUY,1,638.02
TDB_000003575,2024-09-19 22:16:18,TDB_CUST_5214938,TSLA,BUY,1,638.02
TDB_000003576,2024-09-19 22:16:18,TDB_CUST_5214938,TSLA,BUY,1,638.02
TDB_000003577,2024-09-19 22:16:18,TDB_CUST_5214938,TSLA,BUY,1,638.02
TDB_000003578,2024-09-19 22:16:18,TDB_CUST_5214938,TSLA,BUY,1,638.02
TDB_000003579,2024-09-19 22:16:18,TDB_CUST_5214938,TSLA,BUY,1,638.02
TDB_000003580,2024-09-19 22:16:18,TDB_CUST_5214938,TSLA,BUY,1,638.02
TDB_000003581,2024-09-19 22:16:18,TDB_CUST_5214938,TSLA,BUY,1,638.02
TDB_000003582,2024-09-19 22:16:18,TDB_CUST_5214938,TSLA,BUY,1,638.02
TDB_000003583,2024-09-19 22:16:18,TDB_CUST_5214938,TSLA,BUY,1,638.02
TDB_000003584,2024-09-19 22:16:18,TDB_CUST_5214938,TSLA,BUY,1,638.02
TDB_000003585,2024-09-19 22:16:18,TDB_CUST_5214938,TSLA,BUY,1,638.02
TDB_000003586,2024-09-19 22:16:18,TDB_CUST_5214938,TSLA,BUY,1,638.02
TDB_000003587,2024-09-19 22:16:18,TDB_CUST_5214938,TSLA,BUY,1,638.02
TDB_000003588,2024-09-19 22:16:18,TDB_CUST_5214938,TSLA,BUY,1,638.02
TDB_000003589,2024-09-19 22:16:18,TDB_CUST_5214938,TSLA,BUY,1,638.02
TDB_000003590,2024-09-19 22:16:18,TDB_CUST_5214938,TSLA,BUY,1,638.02
TDB_000003591,2024-09-19 22:16:18,TDB_CUST_5214938,TSLA,BUY,1,638.02
TDB_000003592,2024-09-19 22:16:18,TDB_CUST_5214938,TSLA,BUY,1,638.02
TDB_000003593,2024-09-19 22:16:18,TDB_CUST_5214938,TSLA,BUY,1,638.02
TDB_000003594,2024-09-19 22:16:18,TDB_CUST_5214938,TSLA,BUY,1,638.02
TDB_000003595,2024-09-19 22:16:18,TDB_CUST_5214938,TSLA,BUY,1,638.02
TDB_000003596,2024-09-19 22:16:18,TDB_CUST_5214938,TSLA,BUY,1,638.02
TDB_000003597,2024-09-19 22:16:18,TDB_CUST_5214938,TSLA,BUY,1,638.02
TDB_000003598,2024-09-19 22:16:18,TDB_CUST_5214938,TSLA,BUY,1,638.02
TDB_000003599,2024-09-19 22:16:18,TDB_CUST_5214938,TSLA,BUY,1,638.02
TDB_000003600,2024-09-19 22:16:18,TDB_CUST_5214938,TSLA,BUY,1,638.02
TDB_000003601,2024-09-19 22:16:18,TDB_CUST_5214938,TSLA,BUY,1,638.02
TDB_000003602,2024-09-19 22:16:18,TDB_CUST_5214938,TSLA,BUY,1,638.02
TDB_000003603,2024-09-19 22:16:18,TDB_CUST_5214938,TSLA,BUY,1,638.02
TDB_000003604,2024-09-19 22:16:18,TDB_CUST_5214938,TSLA,BUY,1,638.02
TDB_000003605,2024-09-19 22:16:18,TDB_CUST_5214938,TSLA,BUY,1,638.02
TDB_000003606,2024-09-19 22:16:18,TDB_CUST_5214938,TSLA,BUY,1,638.02
TDB_000003607,2024-09-19 22:16:18,TDB_CUST_5214938,TSLA,BUY,1,638.02
TDB_000003608,2024-09-19 22:16:18,TDB_CUST_5214938,TSLA,BUY,1,638.02
TDB_000003609,2024-09-19 22:16:18,TDB_CUST_5214938,TSLA,BUY,1,638.02
TDB_000003610,2024-09-19 22:16:18,TDB_CUST_5214938,TSLA,BUY,1,638.02
TDB_000003611,2024-09-19 22:16:18,TDB_CUST_5214938,TSLA,BUY,1,638.02
TDB_000003612,2024-09-19 22:16:18,TDB_CUST_5214938,TSLA,BUY,1,638.02
TDB_000003613,2024-09-19 22:16:18,TDB_CUST_5214938,TSLA,BUY,1,638.02
TDB_000003614,2024-09-19 22:16:18,TDB_CUST_5214938,TSLA,BUY,1,638.02
TDB_000003615,2024-09-19 22:16:18,TDB_CUST_5214938,TSLA,BUY,1,638.02
TDB_000003616,2024-09-19 22:16:18,TDB_CUST_5214938,TSLA,BUY,1,638.02
TDB_000003617,2024-09-19 22:16:18,TDB_CUST_5214938,TSLA,BUY,1,638.02
TDB_000003618,2024-09-19 22:16:18,TDB_CUST_5214938,TSLA,BUY,1,638.02
TDB_000003619,2024-09-19 22:16:18,TDB_CUST_5214938,TSLA,BUY,1,638.02
TDB_000003620,2024-09-19 22:16:18,TDB_CUST_5214938,TSLA,BUY,1,638.02
TDB_000003621,2024-09-19 22:16:18,TDB_CUST_5214938,TSLA,BUY,1,638.02
TDB_000003622,2024-09-19 22:16:18,TDB_CUST_5214938,TSLA,BUY,1,638.02
TDB_000003623,2024-09-19 22:16:18,TDB_CUST_5214938,TSLA,BUY,1,638.02
TDB_000003624,2024-09-19 22:16:18,TDB_CUST_5214938,TSLA,BUY,1,638.02
TDB_000003625,2024-09-19 22:16:18,TDB_CUST_5214938,TSLA,BUY,1,638.02
TDB_000003626,2024-09-19 22:16:18,TDB_CUST_5214938,TSLA,BUY,1,638.02
TDB_000003627,2024-09-19 22:16:18,TDB_CUST_5214938,TSLA,BUY,1,638.02
TDB_000003628,2024-09-19 22:16:18,TDB_CUST_5214938,TSLA,BUY,1,638.02
TDB_000003629,2024-09-19 22:16:18,TDB_CUST_5214938,TSLA,BUY,1,638.02
TDB_000003630,2024-09-19 22:16:18,TDB_CUST_5214938,TSLA,BUY,1,638.02
TDB_000003631,2024-09-19 22:16:18,TDB_CUST_5214938,TSLA,BUY,1,638.02
TDB_000003632,2024-09-19 22:16:18,TDB_CUST_5214938,TSLA,BUY,1,638.02
TDB_000003633,2024-09-19 22:16:18,TDB_CUST_5214938,TSLA,BUY,1,638.02
TDB_000003634,2024-09-19 22:16:18,TDB_CUST_5214938,TSLA,BUY,1,638.02
TDB_000003635,2024-09-19 22:16:18,TDB_CUST_5214938,TSLA,BUY,1,638.02
TDB_000003636,2024-09-19 22:16:18,TDB_CUST_5214938,TSLA,BUY,1,638.02
TDB_000003637,2024-09-19 22:16:18,TDB_CUST_5214938,TSLA,BUY,1,638.02
TDB_000003638,2024-09-19 22:16:18,TDB_CUST_5214938,TSLA,BUY,1,638.02
TDB_000003639,2024-09-19 22:16:18,TDB_CUST_5214938,TSLA,BUY,1,638.02
TDB_000003640,2024-09-19 22:16:18,TDB_CUST_5214938,TSLA,BUY,1,638.02
TDB_000003641,2024-09-19 22:16:18,TDB_CUST_5214938,TSLA,BUY,1,638.02
TDB_000003642,2024-09-19 22:16:18,TDB_CUST_5214938,TSLA,BUY,1,638.02
TDB_000003643,2024-09-19 22:16:18,TDB_CUST_5214938,TSLA,BUY,1,638.02
TDB_000003644,2024-09-19 22:16:18,TDB_CUST_5214938,TSLA,BUY,1,638.02
TDB_000003645,2024-09-19 22:16:18,TDB_CUST_5214938,TSLA,BUY,1,638.02
TDB_000003646,2024-09-19 22:16:18,TDB_CUST_5214938,TSLA,BUY,1,638.02
TDB_000003647,2024-09-19 22:16:18,TDB_CUST_5214938,TSLA,BUY,1,638.02
TDB_000003648,2024-09-19 22:16:18,TDB_CUST_5214938,TSLA,BUY,1,638.02
TDB_000003649,2024-09-19 22:16:18,TDB_CUST_5214938,TSLA,BUY,1,638.02
TDB_000003650,2024-09-19 22:16:18,TDB_CUST_5214938,TSLA,BUY,1,638.02
TDB_000003651,2024-09-19 22:16:18,TDB_CUST_5214938,TSLA,BUY,1,638.02
TDB_000003652,2024-09-19 22:16:18,TDB_CUST_5214938,TSLA,BUY,1,638.02
TDB_000003653,2024-09-19 22:16:18,TDB_CUST_5214938,TSLA,BUY,1,638.02
TDB_000003654,2024-09-19 22:16:18,TDB_CUST_5214938,TSLA,BUY,1,638.02
TDB_000003655,2024-09-19 22:16:18,TDB_CUST_5214938,TSLA,BUY,1,638.02
TDB_000003656,2024-09-19 22:16:18,TDB_CUST_5214938,TSLA,BUY,1,638.02
TDB_000003657,2024-09-19 22:16:18,TDB_CUST_5214938,TSLA,BUY,1,638.02
TDB_000003658,2024-09-19 22:16:18,TDB_CUST_5214938,TSLA,BUY,1,638.02
TDB_000003659,2024-09-19 22:16:18,TDB_CUST_5214938,TSLA,BUY,1,638.02
TDB_000003660,2024-09-19 22:16:18,TDB_CUST_5214938,TSLA,BUY,1,638.02
TDB_000003661,2024-09-19 22:16:18,TDB_CUST_5214938,TSLA,BUY,1,638.02
TDB_000003662,2024-09-19 22:16:18,TDB_CUST_5214938,TSLA,BUY,1,638.02
TDB_000003663,2024-09-19 22:16:18,TDB_CUST_5214938,TSLA,BUY,1,638.02
TDB_000003664,2024-09-19 22:16:18,TDB_CUST_5214938,TSLA,BUY,1,638.02
TDB_000003665,2024-09-19 22:16:18,TDB_CUST_5214938,TSLA,BUY,1,638.02
TDB_000003666,2024-09-19 22:16:18,TDB_CUST_5214938,TSLA,BUY,1,638.02
TDB_000003667,2024-09-19 22:16:18,TDB_CUST_5214938,TSLA,BUY,1,638.02
TDB_000003668,2024-09-19 22:16:18,TDB_CUST_5214938,TSLA,BUY,1,638.02
TDB_000003669,2024-09-19 22:16:18,TDB_CUST_5214938,TSLA,BUY,1,638.02
TDB_000003670,2024-09-19 22:16:18,TDB_CUST_5214938,TSLA,BUY,1,638.02
TDB_000003671,2024-09-19 22:16:18,TDB_CUST_5214938,TSLA,BUY,1,638.02
TDB_000003672,2024-09-19 22:16:18,TDB_CUST_5214938,TSLA,BUY,1,638.02
TDB_000003673,2024-09-19 22:16:18,TDB_CUST_5214938,TSLA,BUY,1,638.02
TDB_000003674,2024-09-19 22:16:18,TDB_CUST_5214938,TSLA,BUY,1,638.02
TDB_000003675,2024-09-19 22:16:18,TDB_CUST_5214938,TSLA,BUY,1,638.02
TDB_000003676,2024-09-19 22:16:18,TDB_CUST_5214938,TSLA,BUY,1,638.02
TDB_000003677,2024-09-19 22:16:18,TDB_CUST_5214938,TSLA,BUY,1,638.02
TDB_000003678,2024-09-19 22:16:18,TDB_CUST_5214938,TSLA,BUY,1,638.02
TDB_000003679,2024-09-19 22:16:18,TDB_CUST_5214938,TSLA,BUY,1,638.02
TDB_000003680,2024-09-19 22:16:18,TDB_CUST_5214938,TSLA,BUY,1,638.02
TDB_000003681,2024-09-19 22:16:18,TDB_CUST_5214938,TSLA,BUY,1,638.02
TDB_000003682,2024-09-19 22:16:18,TDB_CUST_5214938,TSLA,BUY,1,638.02
TDB_000003683,2024-09-19 22:16:18,TDB_CUST_5214938,TSLA,BUY,1,638.02
TDB_000003684,2024-09-19 22:16:18,TDB_CUST_5214938,TSLA,BUY,1,638.02
TDB_000003685,2024-09-19 22:16:18,TDB_CUST_5214938,TSLA,BUY,1,638.02
TDB_000003686,2024-09-19 22:16:18,TDB_CUST_5214938,TSLA,BUY,1,638.02
TDB_000003687,2024-09-19 22:16:18,TDB_CUST_5214938,TSLA,BUY,1,638.02
TDB_000003688,2024-09-19 22:16:18,TDB_CUST_5214938,TSLA,BUY,1,638.02
TDB_000003689,2024-09-19 22:16:18,TDB_CUST_5214938,TSLA,BUY,1,638.02
TDB_000003690,2024-09-19 22:16:18,TDB_CUST_5214938,TSLA,BUY,1,638.02
TDB_000003691,2024-09-19 22:16:18,TDB_CUST_5214938,TSLA,BUY,1,638.02
TDB_000003692,2024-09-19 22:16:18,TDB_CUST_5214938,TSLA,BUY,1,638.02
TDB_000003693,2024-09-19 22:16:18,TDB_CUST_5214938,TSLA,BUY,1,638.02
TDB_000003694,2024-09-19 22:16:18,TDB_CUST_5214938,TSLA,BUY,1,638.02
TDB_000003695,2024-09-19 22:16:18,TDB_CUST_5214938,TSLA,BUY,1,638.02
TDB_000003696,2024-09-19 22:16:18,TDB_CUST_5214938,TSLA,BUY,1,638.02
TDB_000003697,2024-09-19 22:16:18,TDB_CUST_5214938,TSLA,BUY,1,638.02
TDB_000003698,2024-09-19 22:16:18,TDB_CUST_5214938,TSLA,BUY,1,638.02
TDB_000003699,2024-09-19 22:16:18,TDB_CUST_5214938,TSLA,BUY,1,638.02
TDB_000003700,2024-09-19 22:16:18,TDB_CUST_5214938,TSLA,BUY,1,638.02
TDB_000003701,2024-09-19 22:16:18,TDB_CUST_5214938,TSLA,BUY,1,638.02
TDB_000003702,2024-09-19 22:16:18,TDB_CUST_5214938,TSLA,BUY,1,638.02
TDB_000003703,2024-09-19 22:16:18,TDB_CUST_5214938,TSLA,BUY,1,638.02
TDB_000003704,2024-09-19 22:16:18,TDB_CUST_5214938,TSLA,BUY,1,638.02
TDB_000003705,2024-09-19 22:16:18,TDB_CUST_5214938,TSLA,BUY,1,638.02
TDB_000003706,2024-09-19 22:16:18,TDB_CUST_5214938,TSLA,BUY,1,638.02
TDB_000003707,2024-09-19 22:16:18,TDB_CUST_5214938,TSLA,BUY,1,638.02
TDB_000003708,2024-09-19 22:16:18,TDB_CUST_5214938,TSLA,BUY,1,638.02
TDB_000003709,2024-09-19 22:16:18,TDB_CUST_5214938,TSLA,BUY,1,638.02
TDB_000003710,2024-09-19 22:16:18,TDB_CUST_5214938,TSLA,BUY,1,638.02
TDB_000003711,2024-09-19 22:16:18,TDB_CUST_5214938,TSLA,BUY,1,638.02
TDB_000003712,2024-09-19 22:16:18,TDB_CUST_5214938,TSLA,BUY,1,638.02
TDB_000003713,2024-09-19 22:16:18,TDB_CUST_5214938,TSLA,BUY,1,638.02
TDB_000003714,2024-09-19 22:16:18,TDB_CUST_5214938,TSLA,BUY,1,638.02
TDB_000003715,2024-09-19 22:16:18,TDB_CUST_5214938,TSLA,BUY,1,638.02
TDB_000003716,2024-09-19 22:16:18,TDB_CUST_5214938,TSLA,BUY,1,638.02
TDB_000003717,2024-09-19 22:16:18,TDB_CUST_5214938,TSLA,BUY,1,638.02
TDB_000003718,2024-09-19 22:16:18,TDB_CUST_5214938,TSLA,BUY,1,638.02
TDB_000003719,2024-09-19 22:16:18,TDB_CUST_5214938,TSLA,BUY,1,638.02
TDB_000003720,2024-09-19 22:16:18,TDB_CUST_5214938,TSLA,BUY,1,638.02
TDB_000003721,2024-09-19 22:16:18,TDB_CUST_5214938,TSLA,BUY,1,638.02
TDB_000003722,2024-09-19 22:16:18,TDB_CUST_5214938,TSLA,BUY,1,638.02
TDB_000003723,2024-09-19 22:16:18,TDB_CUST_5214938,TSLA,BUY,1,638.02
TDB_000003724,2024-09-19 22:16:18,TDB_CUST_5214938,TSLA,BUY,1,638.02
TDB_000003725,2024-09-19 22:16:18,TDB_CUST_5214938,TSLA,BUY,1,638.02
TDB_000003726,2024-09-19 22:16:18,TDB_CUST_5214938,TSLA,BUY,1,638.02
TDB_000003727,2024-09-19 22:16:18,TDB_CUST_5214938,TSLA,BUY,1,638.02
TDB_000003728,2024-09-19 22:16:18,TDB_CUST_5214938,TSLA,BUY,1,638.02
TDB_000003729,2024-09-19 22:16:18,TDB_CUST_5214938,TSLA,BUY,1,638.02
TDB_000003730,2024-09-19 22:16:18,TDB_CUST_5214938,TSLA,BUY,1,638.02
TDB_000003731,2024-09-19 22:16:18,TDB_CUST_5214938,TSLA,BUY,1,638.02
TDB_000003732,2024-09-19 22:16:18,TDB_CUST_5214938,TSLA,BUY,1,638.02
TDB_000003733,2024-09-19 22:16:18,TDB_CUST_5214938,TSLA,BUY,1,638.02
TDB_000003734,2024-09-19 22:16:18,TDB_CUST_5214938,TSLA,BUY,1,638.02
TDB_000003735,2024-09-19 22:16:18,TDB_CUST_5214938,TSLA,BUY,1,638.02
TDB_000003736,2024-09-19 22:16:18,TDB_CUST_5214938,TSLA,BUY,1,638.02
TDB_000003737,2024-09-19 22:16:18,TDB_CUST_5214938,TSLA,BUY,1,638.02
TDB_000003738,2024-09-19 22:16:18,TDB_CUST_5214938,TSLA,BUY,1,638.02
TDB_000003739,2024-09-19 22:16:18,TDB_CUST_5214938,TSLA,BUY,1,638.02
TDB_000003740,2024-09-19 22:16:18,TDB_CUST_5214938,TSLA,BUY,1,638.02
TDB_000003741,2024-09-19 22:16:18,TDB_CUST_5214938,TSLA,BUY,1,638.02
TDB_000003742,2024-09-19 22:16:18,TDB_CUST_5214938,TSLA,BUY,1,638.02
TDB_000003743,2024-09-19 22:16:18,TDB_CUST_5214938,TSLA,BUY,1,638.02
TDB_000003744,2024-09-19 22:16:18,TDB_CUST_5214938,TSLA,BUY,1,638.02
TDB_000003745,2024-09-19 22:16:18,TDB_CUST_5214938,TSLA,BUY,1,638.02
TDB_000003746,2024-09-19 22:16:18,TDB_CUST_5214938,TSLA,BUY,1,638.02
TDB_000003747,2024-09-19 22:16:18,TDB_CUST_5214938,TSLA,BUY,1,638.02
TDB_000003748,2024-09-19 22:16:18,TDB_CUST_5214938,TSLA,BUY,1,638.02
TDB_000003749,2024-09-19 22:16:18,TDB_CUST_5214938,TSLA,BUY,1,638.02
TDB_000003750,2024-09-19 22:16:18,TDB_CUST_5214938,TSLA,BUY,1,638.02
TDB_000003751,2024-09-19 22:16:18,TDB_CUST_5214938,TSLA,BUY,1,638.02
TDB_000003752,2024-09-19 22:16:18,TDB_CUST_5214938,TSLA,BUY,1,638.02
TDB_000003753,2024-09-19 22:16:18,TDB_CUST_5214938,TSLA,BUY,1,638.02
TDB_000003754,2024-09-19 22:16:18,TDB_CUST_5214938,TSLA,BUY,1,638.02
TDB_000003755,2024-09-19 22:16:18,TDB_CUST_5214938,TSLA,BUY,1,638.02
TDB_000003756,2024-09-19 22:16:18,TDB_CUST_5214938,TSLA,BUY,1,638.02
TDB_000003757,2024-09-19 22:16:18,TDB_CUST_5214938,TSLA,BUY,1,638.02
TDB_000003758,2024-09-19 22:16:18,TDB_CUST_5214938,TSLA,BUY,1,638.02
TDB_000003759,2024-09-19 22:16:18,TDB_CUST_5214938,TSLA,BUY,1,638.02
TDB_000003760,2024-09-19 22:16:18,TDB_CUST_5214938,TSLA,BUY,1,638.02
TDB_000003761,2024-09-19 22:16:18,TDB_CUST_5214938,TSLA,BUY,1,638.02
TDB_000003762,2024-09-19 22:16:18,TDB_CUST_5214938,TSLA,BUY,1,638.02
TDB_000003763,2024-09-19 22:16:18,TDB_CUST_5214938,TSLA,BUY,1,638.02
TDB_000003764,2024-09-19 22:16:18,TDB_CUST_5214938,TSLA,BUY,1,638.02
TDB_000003765,2024-09-19 22:16:18,TDB_CUST_5214938,TSLA,BUY,1,638.02
TDB_000003766,2024-09-19 22:16:18,TDB_CUST_5214938,TSLA,BUY,1,638.02
TDB_000003767,2024-09-19 22:16:18,TDB_CUST_5214938,TSLA,BUY,1,638.02
TDB_000003768,2024-09-19 22:16:18,TDB_CUST_5214938,TSLA,BUY,1,638.02
TDB_000003769,2024-09-19 22:16:18,TDB_CUST_5214938,TSLA,BUY,1,638.02
TDB_000003770,2024-09-19 22:16:18,TDB_CUST_5214938,TSLA,BUY,1,638.02
TDB_000003771,2024-09-19 22:16:18,TDB_CUST_5214938,TSLA,BUY,1,638.02
TDB_000003772,2024-09-19 22:16:18,TDB_CUST_5214938,TSLA,BUY,1,638.02
TDB_000003773,2024-09-19 22:16:18,TDB_CUST_5214938,TSLA,BUY,1,638.02
TDB_000003774,2024-09-19 22:16:18,TDB_CUST_5214938,TSLA,BUY,1,638.02
TDB_000003775,2024-09-19 22:16:18,TDB_CUST_5214938,TSLA,BUY,1,638.02
TDB_000003776,2024-09-19 22:16:18,TDB_CUST_5214938,TSLA,BUY,1,638.02
TDB_000003777,2024-09-19 22:16:18,TDB_CUST_5214938,TSLA,BUY,1,638.02
TDB_000003778,2024-09-19 22:16:18,TDB_CUST_5214938,TSLA,BUY,1,638.02
TDB_000003779,2024-09-19 22:16:18,TDB_CUST_5214938,TSLA,BUY,1,638.02
TDB_000003780,2024-09-19 22:16:18,TDB_CUST_5214938,TSLA,BUY,1,638.02
TDB_000003781,2024-09-19 22:16:18,TDB_CUST_5214938,TSLA,BUY,1,638.02
TDB_000003782,2024-09-19 22:16:18,TDB_CUST_5214938,TSLA,BUY,1,638.02
TDB_000003783,2024-09-19 22:16:18,TDB_CUST_5214938,TSLA,BUY,1,638.02
TDB_000003784,2024-09-19 22:16:18,TDB_CUST_5214938,TSLA,BUY,1,638.02
TDB_000003785,2024-09-19 22:16:18,TDB_CUST_5214938,TSLA,BUY,1,638.02
TDB_000003786,2024-09-19 22:16:18,TDB_CUST_5214938,TSLA,BUY,1,638.02
TDB_000003787,2024-09-19 22:16:18,TDB_CUST_5214938,TSLA,BUY,1,638.02
TDB_000003788,2024-09-19 22:16:18,TDB_CUST_5214938,TSLA,BUY,1,638.02
TDB_000003789,2024-09-19 22:16:18,TDB_CUST_5214938,TSLA,BUY,1,638.02
TDB_000003790,2024-09-19 22:16:18,TDB_CUST_5214938,TSLA,BUY,1,638.02
TDB_000003791,2024-09-19 22:16:18,TDB_CUST_5214938,TSLA,BUY,1,638.02
TDB_000003792,2024-09-19 22:16:18,TDB_CUST_5214938,TSLA,BUY,1,638.02
TDB_000003793,2024-09-19 22:16:18,TDB_CUST_5214938,TSLA,BUY,1,638.02
TDB_000003794,2024-09-19 22:16:18,TDB_CUST_5214938,TSLA,BUY,1,638.02
TDB_000003795,2024-09-19 22:16:18,TDB_CUST_5214938,TSLA,BUY,1,638.02
TDB_000003796,2024-09-19 22:16:18,TDB_CUST_5214938,TSLA,BUY,1,638.02
TDB_000003797,2024-09-19 22:16:18,TDB_CUST_5214938,TSLA,BUY,1,638.02
TDB_000003798,2024-09-19 22:16:18,TDB_CUST_5214938,TSLA,BUY,1,638.02
TDB_000003799,2024-09-19 22:16:18,TDB_CUST_5214938,TSLA,BUY,1,638.02
TDB_000003800,2024-09-19 22:16:18,TDB_CUST_5214938,TSLA,BUY,1,638.02
TDB_000003801,2024-09-19 22:16:18,TDB_CUST_5214938,TSLA,BUY,1,638.02
TDB_000003802,2024-09-19 22:16:18,TDB_CUST_5214938,TSLA,BUY,1,638.02
TDB_000003803,2024-09-19 22:16:18,TDB_CUST_5214938,TSLA,BUY,1,638.02
TDB_000003804,2024-09-19 22:16:18,TDB_CUST_5214938,TSLA,BUY,1,638.02
TDB_000003805,2024-09-19 22:16:18,TDB_CUST_5214938,TSLA,BUY,1,638.02
TDB_000003806,2024-09-19 22:16:18,TDB_CUST_5214938,TSLA,BUY,1,638.02
TDB_000003807,2024-09-19 22:16:18,TDB_CUST_5214938,TSLA,BUY,1,638.02
TDB_000003808,2024-09-19 22:16:18,TDB_CUST_5214938,TSLA,BUY,1,638.02
TDB_000003809,2024-09-19 22:16:18,TDB_CUST_5214938,TSLA,BUY,1,638.02
TDB_000003810,2024-09-19 22:16:18,TDB_CUST_5214938,TSLA,BUY,1,638.02
TDB_000003811,2024-09-19 22:16:18,TDB_CUST_5214938,TSLA,BUY,1,638.02
TDB_000003812,2024-09-19 22:16:18,TDB_CUST_5214938,TSLA,BUY,1,638.02
TDB_000003813,2024-09-19 22:16:18,TDB_CUST_5214938,TSLA,BUY,1,638.02
TDB_000003814,2024-09-19 22:16:18,TDB_CUST_5214938,TSLA,BUY,1,638.02
TDB_000003815,2024-09-19 22:16:18,TDB_CUST_5214938,TSLA,BUY,1,638.02
TDB_000003816,2024-09-19 22:16:18,TDB_CUST_5214938,TSLA,BUY,1,638.02
TDB_000003817,2024-09-19 22:16:18,TDB_CUST_5214938,TSLA,BUY,1,638.02
TDB_000003818,2024-09-19 22:16:18,TDB_CUST_5214938,TSLA,BUY,1,638.02
TDB_000003819,2024-09-19 22:16:18,TDB_CUST_5214938,TSLA,BUY,1,638.02
TDB_000003820,2024-09-19 22:16:18,TDB_CUST_5214938,TSLA,BUY,1,638.02
TDB_000003821,2024-09-19 22:16:18,TDB_CUST_5214938,TSLA,BUY,1,638.02
TDB_000003822,2024-09-19 22:16:18,TDB_CUST_5214938,TSLA,BUY,1,638.02
TDB_000003823,2024-09-19 22:16:18,TDB_CUST_5214938,TSLA,BUY,1,638.02
TDB_000003824,2024-09-19 22:16:18,TDB_CUST_5214938,TSLA,BUY,1,638.02
TDB_000003825,2024-09-19 22:16:18,TDB_CUST_5214938,TSLA,BUY,1,638.02
TDB_000003826,2024-09-19 22:16:18,TDB_CUST_5214938,TSLA,BUY,1,638.02
TDB_000003827,2024-09-19 22:16:18,TDB_CUST_5214938,TSLA,BUY,1,638.02
TDB_000003828,2024-09-19 22:16:18,TDB_CUST_5214938,TSLA,BUY,1,638.02
TDB_000003829,2024-09-19 22:16:18,TDB_CUST_5214938,TSLA,BUY,1,638.02
TDB_000003830,2024-09-19 22:16:18,TDB_CUST_5214938,TSLA,BUY,1,638.02
TDB_000003831,2024-09-19 22:16:18,TDB_CUST_5214938,TSLA,BUY,1,638.02
TDB_000003832,2024-09-19 22:16:18,TDB_CUST_5214938,TSLA,BUY,1,638.02
TDB_000003833,2024-09-19 22:16:18,TDB_CUST_5214938,TSLA,BUY,1,638.02
TDB_000003834,2024-09-19 22:16:18,TDB_CUST_5214938,TSLA,BUY,1,638.02
TDB_000003835,2024-09-19 22:16:18,TDB_CUST_5214938,TSLA,BUY,1,638.02
TDB_000003836,2024-09-19 22:16:18,TDB_CUST_5214938,TSLA,BUY,1,638.02
TDB_000003837,2024-09-19 22:16:18,TDB_CUST_5214938,TSLA,BUY,1,638.02
TDB_000003838,2024-09-19 22:16:18,TDB_CUST_5214938,TSLA,BUY,1,638.02
TDB_000003839,2024-09-19 22:16:18,TDB_CUST_5214938,TSLA,BUY,1,638.02
TDB_000003840,2024-09-19 22:16:18,TDB_CUST_5214938,TSLA,BUY,1,638.02
TDB_000003841,2024-09-19 22:16:18,TDB_CUST_5214938,TSLA,BUY,1,638.02
TDB_000003842,2024-09-19 22:16:18,TDB_CUST_5214938,TSLA,BUY,1,638.02
TDB_000003843,2024-09-19 22:16:18,TDB_CUST_5214938,TSLA,BUY,1,638.02
TDB_000003844,2024-09-19 22:16:18,TDB_CUST_5214938,TSLA,BUY,1,638.02
TDB_000003845,2024-09-19 22:16:18,TDB_CUST_5214938,TSLA,BUY,1,638.02
TDB_000003846,2024-09-19 22:16:18,TDB_CUST_5214938,TSLA,BUY,1,638.02
TDB_000003847,2024-09-19 22:16:18,TDB_CUST_5214938,TSLA,BUY,1,638.02
TDB_000003848,2024-09-19 22:16:18,TDB_CUST_5214938,TSLA,BUY,1,638.02
TDB_000003849,2024-09-19 22:16:18,TDB_CUST_5214938,TSLA,BUY,1,638.02
TDB_000003850,2024-09-19 22:16:18,TDB_CUST_5214938,TSLA,BUY,1,638.02
TDB_000003851,2024-09-19 22:16:18,TDB_CUST_5214938,TSLA,BUY,1,638.02
TDB_000003852,2024-09-19 22:16:18,TDB_CUST_5214938,TSLA,BUY,1,638.02
TDB_000003853,2024-09-19 22:16:18,TDB_CUST_5214938,TSLA,BUY,1,638.02
TDB_000003854,2024-09-19 22:16:18,TDB_CUST_5214938,TSLA,BUY,1,638.02
TDB_000003855,2024-09-19 22:16:18,TDB_CUST_5214938,TSLA,BUY,1,638.02
TDB_000003856,2024-09-19 22:16:18,TDB_CUST_5214938,TSLA,BUY,1,638.02
TDB_000003857,2024-09-19 22:16:18,TDB_CUST_5214938,TSLA,BUY,1,638.02
TDB_000003858,2024-09-19 22:16:18,TDB_CUST_5214938,TSLA,BUY,1,638.02
TDB_000003859,2024-09-19 22:16:18,TDB_CUST_5214938,TSLA,BUY,1,638.02
TDB_000003860,2024-09-19 22:16:18,TDB_CUST_5214938,TSLA,BUY,1,638.02
TDB_000003861,2024-09-19 22:16:18,TDB_CUST_5214938,TSLA,BUY,1,638.02
TDB_000003862,2024-09-19 22:16:18,TDB_CUST_5214938,TSLA,BUY,1,638.02
TDB_000003863,2024-09-19 22:16:18,TDB_CUST_5214938,TSLA,BUY,1,638.02
TDB_000003864,2024-09-19 22:16:18,TDB_CUST_5214938,TSLA,BUY,1,638.02
TDB_000003865,2024-09-19 22:16:18,TDB_CUST_5214938,TSLA,BUY,1,638.02
TDB_000003866,2024-09-19 22:16:18,TDB_CUST_5214938,TSLA,BUY,1,638.02
TDB_000003867,2024-09-19 22:16:18,TDB_CUST_5214938,TSLA,BUY,1,638.02
TDB_000003868,2024-09-19 22:16:18,TDB_CUST_5214938,TSLA,BUY,1,638.02
TDB_000003869,2024-09-19 22:16:18,TDB_CUST_5214938,TSLA,BUY,1,638.02
TDB_000003870,2024-09-19 22:16:18,TDB_CUST_5214938,TSLA,BUY,1,638.02
TDB_000003871,2024-09-19 22:16:18,TDB_CUST_5214938,TSLA,BUY,1,638.02
TDB_000003872,2024-09-19 22:16:18,TDB_CUST_5214938,TSLA,BUY,1,638.02
TDB_000003873,2024-09-19 22:16:18,TDB_CUST_5214938,TSLA,BUY,1,638.02
TDB_000003874,2024-09-19 22:16:18,TDB_CUST_5214938,TSLA,BUY,1,638.02
TDB_000003875,2024-09-19 22:16:18,TDB_CUST_5214938,TSLA,BUY,1,638.02
TDB_000003876,2024-09-19 22:16:18,TDB_CUST_5214938,TSLA,BUY,1,638.02
TDB_000003877,2024-09-19 22:16:18,TDB_CUST_5214938,TSLA,BUY,1,638.02
TDB_000003878,2024-09-19 22:16:18,TDB_CUST_5214938,TSLA,BUY,1,638.02
TDB_000003879,2024-09-19 22:16:18,TDB_CUST_5214938,TSLA,BUY,1,638.02
TDB_000003880,2024-09-19 22:16:18,TDB_CUST_5214938,TSLA,BUY,1,638.02
TDB_000003881,2024-09-19 22:16:18,TDB_CUST_5214938,TSLA,BUY,1,638.02
TDB_000003882,2024-09-19 22:16:18,TDB_CUST_5214938,TSLA,BUY,1,638.02
TDB_000003883,2024-09-19 22:16:18,TDB_CUST_5214938,TSLA,BUY,1,638.02
TDB_000003884,2024-09-19 22:16:18,TDB_CUST_5214938,TSLA,BUY,1,638.02
TDB_000003885,2024-09-19 22:16:18,TDB_CUST_5214938,TSLA,BUY,1,638.02
TDB_000003886,2024-09-19 22:16:18,TDB_CUST_5214938,TSLA,BUY,1,638.02
TDB_000003887,2024-09-19 22:16:18,TDB_CUST_5214938,TSLA,BUY,1,638.02
TDB_000003888,2024-09-19 22:16:18,TDB_CUST_5214938,TSLA,BUY,1,638.02
TDB_000003889,2024-09-19 22:16:18,TDB_CUST_5214938,TSLA,BUY,1,638.02
TDB_000003890,2024-09-19 22:16:18,TDB_CUST_5214938,TSLA,BUY,1,638.02
TDB_000003891,2024-09-19 22:16:18,TDB_CUST_5214938,TSLA,BUY,1,638.02
TDB_000003892,2024-09-19 22:16:18,TDB_CUST_5214938,TSLA,BUY,1,638.02
TDB_000003893,2024-09-19 22:16:18,TDB_CUST_5214938,TSLA,BUY,1,638.02
TDB_000003894,2024-09-19 22:16:18,TDB_CUST_5214938,TSLA,BUY,1,638.02
TDB_000003895,2024-09-19 22:16:18,TDB_CUST_5214938,TSLA,BUY,1,638.02
TDB_000003896,2024-09-19 22:16:18,TDB_CUST_5214938,TSLA,BUY,1,638.02
TDB_000003897,2024-09-19 22:16:18,TDB_CUST_5214938,TSLA,BUY,1,638.02
TDB_000003898,2024-09-19 22:16:18,TDB_CUST_5214938,TSLA,BUY,1,638.02
TDB_000003899,2024-09-19 22:16:18,TDB_CUST_5214938,TSLA,BUY,1,638.02
TDB_000003900,2024-09-19 22:16:18,TDB_CUST_5214938,TSLA,BUY,1,638.02
TDB_000003901,2024-09-19 22:16:18,TDB_CUST_5214938,TSLA,BUY,1,638.02
TDB_000003902,2024-09-19 22:16:18,TDB_CUST_5214938,TSLA,BUY,1,638.02
TDB_000003903,2024-09-19 22:16:18,TDB_CUST_5214938,TSLA,BUY,1,638.02
TDB_000003904,2024-09-19 22:16:18,TDB_CUST_5214938,TSLA,BUY,1,638.02
TDB_000003905,2024-09-19 22:16:18,TDB_CUST_5214938,TSLA,BUY,1,638.02
TDB_000003906,2024-09-19 22:16:18,TDB_CUST_5214938,TSLA,BUY,1,638.02
TDB_000003907,2024-09-19 22:16:18,TDB_CUST_5214938,TSLA,BUY,1,638.02
TDB_000003908,2024-09-19 22:16:18,TDB_CUST_5214938,TSLA,BUY,1,638.02
TDB_000003909,2024-09-19 22:16:18,TDB_CUST_5214938,TSLA,BUY,1,638.02
TDB_000003910,2024-09-19 22:16:18,TDB_CUST_5214938,TSLA,BUY,1,638.02
TDB_000003911,2024-09-19 22:16:18,TDB_CUST_5214938,TSLA,BUY,1,638.02
TDB_000003912,2024-09-19 22:16:18,TDB_CUST_5214938,TSLA,BUY,1,638.02
TDB_000003913,2024-09-19 22:16:18,TDB_CUST_5214938,TSLA,BUY,1,638.02
TDB_000003914,2024-09-19 22:16:18,TDB_CUST_5214938,TSLA,BUY,1,638.02
TDB_000003915,2024-09-19 22:16:18,TDB_CUST_5214938,TSLA,BUY,1,638.02
TDB_000003916,2024-09-19 22:16:18,TDB_CUST_5214938,TSLA,BUY,1,638.02
TDB_000003917,2024-09-19 22:16:18,TDB_CUST_5214938,TSLA,BUY,1,638.02
TDB_000003918,2024-09-19 22:16:18,TDB_CUST_5214938,TSLA,BUY,1,638.02
TDB_000003919,2024-09-19 22:16:18,TDB_CUST_5214938,TSLA,BUY,1,638.02
TDB_000003920,2024-09-19 22:16:18,TDB_CUST_5214938,TSLA,BUY,1,638.02
TDB_000003921,2024-09-19 22:16:18,TDB_CUST_5214938,TSLA,BUY,1,638.02
TDB_000003922,2024-09-19 22:16:18,TDB_CUST_5214938,TSLA,BUY,1,638.02
TDB_000003923,2024-09-19 22:16:18,TDB_CUST_5214938,TSLA,BUY,1,638.02
TDB_000003924,2024-09-19 22:16:18,TDB_CUST_5214938,TSLA,BUY,1,638.02
TDB_000003925,2024-09-19 22:16:18,TDB_CUST_5214938,TSLA,BUY,1,638.02
TDB_000003926,2024-09-19 22:16:18,TDB_CUST_5214938,TSLA,BUY,1,638.02
TDB_000003927,2024-09-19 22:16:18,TDB_CUST_5214938,TSLA,BUY,1,638.02
TDB_000003928,2024-09-19 22:16:18,TDB_CUST_5214938,TSLA,BUY,1,638.02
TDB_000003929,2024-09-19 22:16:18,TDB_CUST_5214938,TSLA,BUY,1,638.02
TDB_000003930,2024-09-19 22:16:18,TDB_CUST_5214938,TSLA,BUY,1,638.02
TDB_000003931,2024-09-19 22:16:18,TDB_CUST_5214938,TSLA,BUY,1,638.02
TDB_000003932,2024-09-19 22:16:18,TDB_CUST_5214938,TSLA,BUY,1,638.02
TDB_000003933,2024-09-19 22:16:18,TDB_CUST_5214938,TSLA,BUY,1,638.02
TDB_000003934,2024-09-19 22:16:18,TDB_CUST_5214938,TSLA,BUY,1,638.02
TDB_000003935,2024-09-19 22:16:18,TDB_CUST_5214938,TSLA,BUY,1,638.02
TDB_000003936,2024-09-19 22:16:18,TDB_CUST_5214938,TSLA,BUY,1,638.02
TDB_000003937,2024-09-19 22:16:18,TDB_CUST_5214938,TSLA,BUY,1,638.02
TDB_000003938,2024-09-19 22:16:18,TDB_CUST_5214938,TSLA,BUY,1,638.02
TDB_000003939,2024-09-19 22:16:18,TDB_CUST_5214938,TSLA,BUY,1,638.02
TDB_000003940,2024-09-19 22:16:18,TDB_CUST_5214938,TSLA,BUY,1,638.02
TDB_000003941,2024-09-19 22:16:18,TDB_CUST_5214938,TSLA,BUY,1,638.02
TDB_000003942,2024-09-19 22:16:18,TDB_CUST_5214938,TSLA,BUY,1,638.02
TDB_000003943,2024-09-19 22:16:18,TDB_CUST_5214938,TSLA,BUY,1,638.02
TDB_000003944,2024-09-19 22:16:18,TDB_CUST_5214938,TSLA,BUY,1,638.02
TDB_000003945,2024-09-19 22:16:18,TDB_CUST_5214938,TSLA,BUY,1,638.02
TDB_000003946,2024-09-19 22:16:18,TDB_CUST_5214938,TSLA,BUY,1,638.02
TDB_000003947,2024-09-19 22:16:18,TDB_CUST_5214938,TSLA,BUY,1,638.02
TDB_000003948,2024-09-19 22:16:18,TDB_CUST_5214938,TSLA,BUY,1,638.02
TDB_000003949,2024-09-19 22:16:18,TDB_CUST_5214938,TSLA,BUY,1,638.02
TDB_000003950,2024-09-19 22:16:18,TDB_CUST_5214938,TSLA,BUY,1,638.02
TDB_000003951,2024-09-19 22:16:18,TDB_CUST_5214938,TSLA,BUY,1,638.02
TDB_000003952,2024-09-19 22:16:18,TDB_CUST_5214938,TSLA,BUY,1,638.02
TDB_000003953,2024-09-19 22:16:18,TDB_CUST_5214938,TSLA,BUY,1,638.02
TDB_000003954,2024-09-19 22:16:18,TDB_CUST_5214938,TSLA,BUY,1,638.02
TDB_000003955,2024-09-19 22:16:18,TDB_CUST_5214938,TSLA,BUY,1,638.02
TDB_000003956,2024-09-19 22:16:18,TDB_CUST_5214938,TSLA,BUY,1,638.02
TDB_000003957,2024-09-19 22:16:18,TDB_CUST_5214938,TSLA,BUY,1,638.02
TDB_000003958,2024-09-19 22:16:18,TDB_CUST_5214938,TSLA,BUY,1,638.02
TDB_000003959,2024-09-19 22:16:18,TDB_CUST_5214938,TSLA,BUY,1,638.02
TDB_000003960,2024-09-19 22:16:18,TDB_CUST_5214938,TSLA,BUY,1,638.02
TDB_000003961,2024-09-19 22:16:18,TDB_CUST_5214938,TSLA,BUY,1,638.02
TDB_000003962,2024-09-19 22:16:18,TDB_CUST_5214938,TSLA,BUY,1,638.02
TDB_000003963,2024-09-19 22:16:18,TDB_CUST_5214938,TSLA,BUY,1,638.02
TDB_000003964,2024-09-19 22:16:18,TDB_CUST_5214938,TSLA,BUY,1,638.02
TDB_000003965,2024-09-19 22:16:18,TDB_CUST_5214938,TSLA,BUY,1,638.02
TDB_000003966,2024-09-19 22:16:18,TDB_CUST_5214938,TSLA,BUY,1,638.02
TDB_000003967,2024-09-19 22:16:18,TDB_CUST_5214938,TSLA,BUY,1,638.02
TDB_000003968,2024-09-19 22:16:18,TDB_CUST_5214938,TSLA,BUY,1,638.02
TDB_000003969,2024-09-19 22:16:18,TDB_CUST_5214938,TSLA,BUY,1,638.02
TDB_000003970,2024-09-19 22:16:18,TDB_CUST_5214938,TSLA,BUY,1,638.02
TDB_000003971,2024-09-19 22:16:18,TDB_CUST_5214938,TSLA,BUY,1,638.02
TDB_000003972,2024-09-19 22:16:18,TDB_CUST_5214938,TSLA,BUY,1,638.02
TDB_000003973,2024-09-19 22:16:18,TDB_CUST_5214938,TSLA,BUY,1,638.02
TDB_000003974,2024-09-19 22:16:18,TDB_CUST_5214938,TSLA,BUY,1,638.02
TDB_000003975,2024-09-19 22:16:18,TDB_CUST_5214938,TSLA,BUY,1,638.02
TDB_000003976,2024-09-19 22:16:18,TDB_CUST_5214938,TSLA,BUY,1,638.02
TDB_000003977,2024-09-19 22:16:18,TDB_CUST_5214938,TSLA,BUY,1,638.02
TDB_000003978,2024-09-19 22:16:18,TDB_CUST_5214938,TSLA,BUY,1,638.02
TDB_000003979,2024-09-19 22:16:18,TDB_CUST_5214938,TSLA,BUY,1,638.02
TDB_000003980,2024-09-19 22:16:18,TDB_CUST_5214938,TSLA,BUY,1,638.02
TDB_000003981,2024-09-19 22:16:18,TDB_CUST_5214938,TSLA,BUY,1,638.02
TDB_000003982,2024-09-19 22:16:18,TDB_CUST_5214938,TSLA,BUY,1,638.02
TDB_000003983,2024-09-19 22:16:18,TDB_CUST_5214938,TSLA,BUY,1,638.02
TDB_000003984,2024-09-19 22:16:18,TDB_CUST_5214938,TSLA,BUY,1,638.02
TDB_000003985,2024-09-19 22:16:18,TDB_CUST_5214938,TSLA,BUY,1,638.02
TDB_000003986,2024-09-19 22:16:18,TDB_CUST_5214938,TSLA,BUY,1,638.02
TDB_000003987,2024-09-19 22:16:18,TDB_CUST_5214938,TSLA,BUY,1,638.02
TDB_000003988,2024-09-19 22:16:18,TDB_CUST_5214938,TSLA,BUY,1,638.02
TDB_000003989,2024-09-19 22:16:18,TDB_CUST_5214938,TSLA,BUY,1,638.02
TDB_000003990,2024-09-19 22:16:18,TDB_CUST_5214938,TSLA,BUY,1,638.02
TDB_000003991,2024-09-19 22:16:18,TDB_CUST_5214938,TSLA,BUY,1,638.02
TDB_000003992,2024-09-19 22:16:18,TDB_CUST_5214938,TSLA,BUY,1,638.02
TDB_000003993,2024-09-19 22:16:18,TDB_CUST_5214938,TSLA,BUY,1,638.02
TDB_000003994,2024-09-19 22:16:18,TDB_CUST_5214938,TSLA,BUY,1,638.02
TDB_000003995,2024-09-19 22:16:18,TDB_CUST_5214938,TSLA,BUY,1,638.02
TDB_000003996,2024-09-19 22:16:18,TDB_CUST_5214938,TSLA,BUY,1,638.02
