TDB_000001,2024-09-19 22:16:18,TDB_CUST_5214938,TSLA,BUY,1,638.02
TDB_000002,2024-09-19 22:16:18,TDB_CUST_5214938,TSLA,BUY,1,638.02
TDB_000003,2024-09-19 22:16:18,TDB_CUST_5214938,TSLA,BUY,1,638.02
TDB_000004,2024-09-19 22:16:18,TDB_CUST_5214938,TSLA,BUY,1,638.02
TDB_000005,2024-09-19 22:16:18,TDB_CUST_5214938,TSLA,BUY,1,638.02
TDB_000006,2024-09-19 22:16:18,TDB_CUST_5214938,TSLA,BUY,1,638.02
TDB_000007,2024-09-19 22:16:18,TDB_CUST_5214938,TSLA,BUY,1,638.02
TDB_000008,2024-09-19 22:16:18,TDB_CUST_5214938,TSLA,BUY,1,638.02
TDB_000009,2024-09-19 22:16:18,TDB_CUST_5214938,TSLA,BUY,1,638.02
TDB_0000010,2024-09-19 22:16:18,TDB_CUST_5214938,TSLA,BUY,1,638.02
TDB_0000011,2024-09-19 22:16:18,TDB_CUST_5214938,TSLA,BUY,1,638.02
TDB_0000012,2024-09-19 22:16:18,TDB_CUST_5214938,TSLA,BUY,1,638.02
TDB_0000013,2024-09-19 22:16:18,TDB_CUST_5214938,TSLA,BUY,1,638.02
TDB_0000014,2024-09-19 22:16:18,TDB_CUST_5214938,TSLA,BUY,1,638.02
TDB_0000015,2024-09-19 22:16:18,TDB_CUST_5214938,TSLA,BUY,1,638.02
TDB_0000016,2024-09-19 22:16:18,TDB_CUST_5214938,TSLA,BUY,1,638.02
TDB_0000017,2024-09-19 22:16:18,TDB_CUST_5214938,TSLA,BUY,1,638.02
TDB_0000018,2024-09-19 22:16:18,TDB_CUST_5214938,TSLA,BUY,1,638.02
TDB_0000019,2024-09-19 22:16:18,TDB_CUST_5214938,TSLA,BUY,1,638.02
TDB_0000020,2024-09-19 22:16:18,TDB_CUST_5214938,TSLA,BUY,1,638.02
TDB_0000021,2024-09-19 22:16:18,TDB_CUST_5214938,TSLA,BUY,1,638.02
TDB_0000022,2024-09-19 22:16:18,TDB_CUST_5214938,TSLA,BUY,1,638.02
TDB_0000023,2024-09-19 22:16:18,TDB_CUST_5214938,TSLA,BUY,1,638.02
TDB_0000024,2024-09-19 22:16:18,TDB_CUST_5214938,TSLA,BUY,1,638.02
TDB_0000025,2024-09-19 22:16:18,TDB_CUST_5214938,TSLA,BUY,1,638.02
TDB_0000026,2024-09-19 22:16:18,TDB_CUST_5214938,TSLA,BUY,1,638.02
TDB_0000027,2024-09-19 22:16:18,TDB_CUST_5214938,TSLA,BUY,1,638.02
TDB_0000028,2024-09-19 22:16:18,TDB_CUST_5214938,TSLA,BUY,1,638.02
TDB_0000029,2024-09-19 22:16:18,TDB_CUST_5214938,TSLA,BUY,1,638.02
TDB_0000030,2024-09-19 22:16:18,TDB_CUST_5214938,TSLA,BUY,1,638.02
TDB_0000031,2024-09-19 22:16:18,TDB_CUST_5214938,TSLA,BUY,1,638.02
TDB_0000032,2024-09-19 22:16:18,TDB_CUST_5214938,TSLA,BUY,1,638.02
TDB_0000033,2024-09-19 22:16:18,TDB_CUST_5214938,TSLA,BUY,1,638.02
TDB_0000034,2024-09-19 22:16:18,TDB_CUST_5214938,TSLA,BUY,1,638.02
TDB_0000035,2024-09-19 22:16:18,TDB_CUST_5214938,TSLA,BUY,1,638.02
TDB_0000036,2024-09-19 22:16:18,TDB_CUST_5214938,TSLA,BUY,1,638.02
TDB_0000037,2024-09-19 22:16:18,TDB_CUST_5214938,TSLA,BUY,1,638.02
TDB_0000038,2024-09-19 22:16:18,TDB_CUST_5214938,TSLA,BUY,1,638.02
TDB_0000039,2024-09-19 22:16:18,TDB_CUST_5214938,TSLA,BUY,1,638.02
TDB_0000040,2024-09-19 22:16:18,TDB_CUST_5214938,TSLA,BUY,1,638.02
TDB_0000041,2024-09-19 22:16:18,TDB_CUST_5214938,TSLA,BUY,1,638.02
TDB_0000042,2024-09-19 22:16:18,TDB_CUST_5214938,TSLA,BUY,1,638.02
TDB_0000043,2024-09-19 22:16:18,TDB_CUST_5214938,TSLA,BUY,1,638.02
TDB_0000044,2024-09-19 22:16:18,TDB_CUST_5214938,TSLA,BUY,1,638.02
TDB_0000045,2024-09-19 22:16:18,TDB_CUST_5214938,TSLA,BUY,1,638.02
TDB_0000046,2024-09-19 22:16:18,TDB_CUST_5214938,TSLA,BUY,1,638.02
TDB_0000047,2024-09-19 22:16:18,TDB_CUST_5214938,TSLA,BUY,1,638.02
TDB_0000048,2024-09-19 22:16:18,TDB_CUST_5214938,TSLA,BUY,1,638.02
TDB_0000049,2024-09-19 22:16:18,TDB_CUST_5214938,TSLA,BUY,1,638.02
TDB_0000050,2024-09-19 22:16:18,TDB_CUST_5214938,TSLA,BUY,1,638.02
TDB_0000051,2024-09-19 22:16:18,TDB_CUST_5214938,TSLA,BUY,1,638.02
TDB_0000052,2024-09-19 22:16:18,TDB_CUST_5214938,TSLA,BUY,1,638.02
TDB_0000053,2024-09-19 22:16:18,TDB_CUST_5214938,TSLA,BUY,1,638.02
TDB_0000054,2024-09-19 22:16:18,TDB_CUST_5214938,TSLA,BUY,1,638.02
TDB_0000055,2024-09-19 22:16:18,TDB_CUST_5214938,TSLA,BUY,1,638.02
TDB_0000056,2024-09-19 22:16:18,TDB_CUST_5214938,TSLA,BUY,1,638.02
TDB_0000057,2024-09-19 22:16:18,TDB_CUST_5214938,TSLA,BUY,1,638.02
TDB_0000058,2024-09-19 22:16:18,TDB_CUST_5214938,TSLA,BUY,1,638.02
TDB_0000059,2024-09-19 22:16:18,TDB_CUST_5214938,TSLA,BUY,1,638.02
TDB_0000060,2024-09-19 22:16:18,TDB_CUST_5214938,TSLA,BUY,1,638.02
TDB_0000061,2024-09-19 22:16:18,TDB_CUST_5214938,TSLA,BUY,1,638.02
TDB_0000062,2024-09-19 22:16:18,TDB_CUST_5214938,TSLA,BUY,1,638.02
TDB_0000063,2024-09-19 22:16:18,TDB_CUST_5214938,TSLA,BUY,1,638.02
TDB_0000064,2024-09-19 22:16:18,TDB_CUST_5214938,TSLA,BUY,1,638.02
TDB_0000065,2024-09-19 22:16:18,TDB_CUST_5214938,TSLA,BUY,1,638.02
TDB_0000066,2024-09-19 22:16:18,TDB_CUST_5214938,TSLA,BUY,1,638.02
TDB_0000067,2024-09-19 22:16:18,TDB_CUST_5214938,TSLA,BUY,1,638.02
TDB_0000068,2024-09-19 22:16:18,TDB_CUST_5214938,TSLA,BUY,1,638.02
TDB_0000069,2024-09-19 22:16:18,TDB_CUST_5214938,TSLA,BUY,1,638.02
TDB_0000070,2024-09-19 22:16:18,TDB_CUST_5214938,TSLA,BUY,1,638.02
TDB_0000071,2024-09-19 22:16:18,TDB_CUST_5214938,TSLA,BUY,1,638.02
TDB_0000072,2024-09-19 22:16:18,TDB_CUST_5214938,TSLA,BUY,1,638.02
TDB_0000073,2024-09-19 22:16:18,TDB_CUST_5214938,TSLA,BUY,1,638.02
TDB_0000074,2024-09-19 22:16:18,TDB_CUST_5214938,TSLA,BUY,1,638.02
TDB_0000075,2024-09-19 22:16:18,TDB_CUST_5214938,TSLA,BUY,1,638.02
TDB_0000076,2024-09-19 22:16:18,TDB_CUST_5214938,TSLA,BUY,1,638.02
TDB_0000077,2024-09-19 22:16:18,TDB_CUST_5214938,TSLA,BUY,1,638.02
TDB_0000078,2024-09-19 22:16:18,TDB_CUST_5214938,TSLA,BUY,1,638.02
TDB_0000079,2024-09-19 22:16:18,TDB_CUST_5214938,TSLA,BUY,1,638.02
TDB_0000080,2024-09-19 22:16:18,TDB_CUST_5214938,TSLA,BUY,1,638.02
TDB_0000081,2024-09-19 22:16:18,TDB_CUST_5214938,TSLA,BUY,1,638.02
TDB_0000082,2024-09-19 22:16:18,TDB_CUST_5214938,TSLA,BUY,1,638.02
TDB_0000083,2024-09-19 22:16:18,TDB_CUST_5214938,TSLA,BUY,1,638.02
TDB_0000084,2024-09-19 22:16:18,TDB_CUST_5214938,TSLA,BUY,1,638.02
TDB_0000085,2024-09-19 22:16:18,TDB_CUST_5214938,TSLA,BUY,1,638.02
TDB_0000086,2024-09-19 22:16:18,TDB_CUST_5214938,TSLA,BUY,1,638.02
TDB_0000087,2024-09-19 22:16:18,TDB_CUST_5214938,TSLA,BUY,1,638.02
TDB_0000088,2024-09-19 22:16:18,TDB_CUST_5214938,TSLA,BUY,1,638.02
TDB_0000089,2024-09-19 22:16:18,TDB_CUST_5214938,TSLA,BUY,1,638.02
TDB_0000090,2024-09-19 22:16:18,TDB_CUST_5214938,TSLA,BUY,1,638.02
TDB_0000091,2024-09-19 22:16:18,TDB_CUST_5214938,TSLA,BUY,1,638.02
TDB_0000092,2024-09-19 22:16:18,TDB_CUST_5214938,TSLA,BUY,1,638.02
TDB_0000093,2024-09-19 22:16:18,TDB_CUST_5214938,TSLA,BUY,1,638.02
TDB_0000094,2024-09-19 22:16:18,TDB_CUST_5214938,TSLA,BUY,1,638.02
TDB_0000095,2024-09-19 22:16:18,TDB_CUST_5214938,TSLA,BUY,1,638.02
TDB_0000096,2024-09-19 22:16:18,TDB_CUST_5214938,TSLA,BUY,1,638.02
TDB_0000097,2024-09-19 22:16:18,TDB_CUST_5214938,TSLA,BUY,1,638.02
TDB_0000098,2024-09-19 22:16:18,TDB_CUST_5214938,TSLA,BUY,1,638.02
TDB_0000099,2024-09-19 22:16:18,TDB_CUST_5214938,TSLA,BUY,1,638.02
TDB_00000100,2024-09-19 22:16:18,TDB_CUST_5214938,TSLA,BUY,1,638.02
TDB_00000101,2024-09-19 22:16:18,TDB_CUST_5214938,TSLA,BUY,1,638.02
TDB_00000102,2024-09-19 22:16:18,TDB_CUST_5214938,TSLA,BUY,1,638.02
TDB_00000103,2024-09-19 22:16:18,TDB_CUST_5214938,TSLA,BUY,1,638.02
TDB_00000104,2024-09-19 22:16:18,TDB_CUST_5214938,TSLA,BUY,1,638.02
TDB_00000105,2024-09-19 22:16:18,TDB_CUST_5214938,TSLA,BUY,1,638.02
TDB_00000106,2024-09-19 22:16:18,TDB_CUST_5214938,TSLA,BUY,1,638.02
TDB_00000107,2024-09-19 22:16:18,TDB_CUST_5214938,TSLA,BUY,1,638.02
TDB_00000108,2024-09-19 22:16:18,TDB_CUST_5214938,TSLA,BUY,1,638.02
TDB_00000109,2024-09-19 22:16:18,TDB_CUST_5214938,TSLA,BUY,1,638.02
TDB_00000110,2024-09-19 22:16:18,TDB_CUST_5214938,TSLA,BUY,1,638.02
TDB_00000111,2024-09-19 22:16:18,TDB_CUST_5214938,TSLA,BUY,1,638.02
TDB_00000112,2024-09-19 22:16:18,TDB_CUST_5214938,TSLA,BUY,1,638.02
TDB_00000113,2024-09-19 22:16:18,TDB_CUST_5214938,TSLA,BUY,1,638.02
TDB_00000114,2024-09-19 22:16:18,TDB_CUST_5214938,TSLA,BUY,1,638.02
TDB_00000115,2024-09-19 22:16:18,TDB_CUST_5214938,TSLA,BUY,1,638.02
TDB_00000116,2024-09-19 22:16:18,TDB_CUST_5214938,TSLA,BUY,1,638.02
TDB_00000117,2024-09-19 22:16:18,TDB_CUST_5214938,TSLA,BUY,1,638.02
TDB_00000118,2024-09-19 22:16:18,TDB_CUST_5214938,TSLA,BUY,1,638.02
TDB_00000119,2024-09-19 22:16:18,TDB_CUST_5214938,TSLA,BUY,1,638.02
TDB_00000120,2024-09-19 22:16:18,TDB_CUST_5214938,TSLA,BUY,1,638.02
TDB_00000121,2024-09-19 22:16:18,TDB_CUST_5214938,TSLA,BUY,1,638.02
TDB_00000122,2024-09-19 22:16:18,TDB_CUST_5214938,TSLA,BUY,1,638.02
TDB_00000123,2024-09-19 22:16:18,TDB_CUST_5214938,TSLA,BUY,1,638.02
TDB_00000124,2024-09-19 22:16:18,TDB_CUST_5214938,TSLA,BUY,1,638.02
TDB_00000125,2024-09-19 22:16:18,TDB_CUST_5214938,TSLA,BUY,1,638.02
TDB_00000126,2024-09-19 22:16:18,TDB_CUST_5214938,TSLA,BUY,1,638.02
TDB_00000127,2024-09-19 22:16:18,TDB_CUST_5214938,TSLA,BUY,1,638.02
TDB_00000128,2024-09-19 22:16:18,TDB_CUST_5214938,TSLA,BUY,1,638.02
TDB_00000129,2024-09-19 22:16:18,TDB_CUST_5214938,TSLA,BUY,1,638.02
TDB_00000130,2024-09-19 22:16:18,TDB_CUST_5214938,TSLA,BUY,1,638.02
TDB_00000131,2024-09-19 22:16:18,TDB_CUST_5214938,TSLA,BUY,1,638.02
TDB_00000132,2024-09-19 22:16:18,TDB_CUST_5214938,TSLA,BUY,1,638.02
TDB_00000133,2024-09-19 22:16:18,TDB_CUST_5214938,TSLA,BUY,1,638.02
TDB_00000134,2024-09-19 22:16:18,TDB_CUST_5214938,TSLA,BUY,1,638.02
TDB_00000135,2024-09-19 22:16:18,TDB_CUST_5214938,TSLA,BUY,1,638.02
TDB_00000136,2024-09-19 22:16:18,TDB_CUST_5214938,TSLA,BUY,1,638.02
TDB_00000137,2024-09-19 22:16:18,TDB_CUST_5214938,TSLA,BUY,1,638.02
TDB_00000138,2024-09-19 22:16:18,TDB_CUST_5214938,TSLA,BUY,1,638.02
TDB_00000139,2024-09-19 22:16:18,TDB_CUST_5214938,TSLA,BUY,1,638.02
TDB_00000140,2024-09-19 22:16:18,TDB_CUST_5214938,TSLA,BUY,1,638.02
TDB_00000141,2024-09-19 22:16:18,TDB_CUST_5214938,TSLA,BUY,1,638.02
TDB_00000142,2024-09-19 22:16:18,TDB_CUST_5214938,TSLA,BUY,1,638.02
TDB_00000143,2024-09-19 22:16:18,TDB_CUST_5214938,TSLA,BUY,1,638.02
TDB_00000144,2024-09-19 22:16:18,TDB_CUST_5214938,TSLA,BUY,1,638.02
TDB_00000145,2024-09-19 22:16:18,TDB_CUST_5214938,TSLA,BUY,1,638.02
TDB_00000146,2024-09-19 22:16:18,TDB_CUST_5214938,TSLA,BUY,1,638.02
TDB_00000147,2024-09-19 22:16:18,TDB_CUST_5214938,TSLA,BUY,1,638.02
TDB_00000148,2024-09-19 22:16:18,TDB_CUST_5214938,TSLA,BUY,1,638.02
TDB_00000149,2024-09-19 22:16:18,TDB_CUST_5214938,TSLA,BUY,1,638.02
TDB_00000150,2024-09-19 22:16:18,TDB_CUST_5214938,TSLA,BUY,1,638.02
TDB_00000151,2024-09-19 22:16:18,TDB_CUST_5214938,TSLA,BUY,1,638.02
TDB_00000152,2024-09-19 22:16:18,TDB_CUST_5214938,TSLA,BUY,1,638.02
TDB_00000153,2024-09-19 22:16:18,TDB_CUST_5214938,TSLA,BUY,1,638.02
TDB_00000154,2024-09-19 22:16:18,TDB_CUST_5214938,TSLA,BUY,1,638.02
TDB_00000155,2024-09-19 22:16:18,TDB_CUST_5214938,TSLA,BUY,1,638.02
TDB_00000156,2024-09-19 22:16:18,TDB_CUST_5214938,TSLA,BUY,1,638.02
TDB_00000157,2024-09-19 22:16:18,TDB_CUST_5214938,TSLA,BUY,1,638.02
TDB_00000158,2024-09-19 22:16:18,TDB_CUST_5214938,TSLA,BUY,1,638.02
TDB_00000159,2024-09-19 22:16:18,TDB_CUST_5214938,TSLA,BUY,1,638.02
TDB_00000160,2024-09-19 22:16:18,TDB_CUST_5214938,TSLA,BUY,1,638.02
TDB_00000161,2024-09-19 22:16:18,TDB_CUST_5214938,TSLA,BUY,1,638.02
TDB_00000162,2024-09-19 22:16:18,TDB_CUST_5214938,TSLA,BUY,1,638.02
TDB_00000163,2024-09-19 22:16:18,TDB_CUST_5214938,TSLA,BUY,1,638.02
TDB_00000164,2024-09-19 22:16:18,TDB_CUST_5214938,TSLA,BUY,1,638.02
TDB_00000165,2024-09-19 22:16:18,TDB_CUST_5214938,TSLA,BUY,1,638.02
TDB_00000166,2024-09-19 22:16:18,TDB_CUST_5214938,TSLA,BUY,1,638.02
TDB_00000167,2024-09-19 22:16:18,TDB_CUST_5214938,TSLA,BUY,1,638.02
TDB_00000168,2024-09-19 22:16:18,TDB_CUST_5214938,TSLA,BUY,1,638.02
TDB_00000169,2024-09-19 22:16:18,TDB_CUST_5214938,TSLA,BUY,1,638.02
TDB_00000170,2024-09-19 22:16:18,TDB_CUST_5214938,TSLA,BUY,1,638.02
TDB_00000171,2024-09-19 22:16:18,TDB_CUST_5214938,TSLA,BUY,1,638.02
TDB_00000172,2024-09-19 22:16:18,TDB_CUST_5214938,TSLA,BUY,1,638.02
TDB_00000173,2024-09-19 22:16:18,TDB_CUST_5214938,TSLA,BUY,1,638.02
TDB_00000174,2024-09-19 22:16:18,TDB_CUST_5214938,TSLA,BUY,1,638.02
TDB_00000175,2024-09-19 22:16:18,TDB_CUST_5214938,TSLA,BUY,1,638.02
TDB_00000176,2024-09-19 22:16:18,TDB_CUST_5214938,TSLA,BUY,1,638.02
TDB_00000177,2024-09-19 22:16:18,TDB_CUST_5214938,TSLA,BUY,1,638.02
TDB_00000178,2024-09-19 22:16:18,TDB_CUST_5214938,TSLA,BUY,1,638.02
TDB_00000179,2024-09-19 22:16:18,TDB_CUST_5214938,TSLA,BUY,1,638.02
TDB_00000180,2024-09-19 22:16:18,TDB_CUST_5214938,TSLA,BUY,1,638.02
TDB_00000181,2024-09-19 22:16:18,TDB_CUST_5214938,TSLA,BUY,1,638.02
TDB_00000182,2024-09-19 22:16:18,TDB_CUST_5214938,TSLA,BUY,1,638.02
TDB_00000183,2024-09-19 22:16:18,TDB_CUST_5214938,TSLA,BUY,1,638.02
TDB_00000184,2024-09-19 22:16:18,TDB_CUST_5214938,TSLA,BUY,1,638.02
TDB_00000185,2024-09-19 22:16:18,TDB_CUST_5214938,TSLA,BUY,1,638.02
TDB_00000186,2024-09-19 22:16:18,TDB_CUST_5214938,TSLA,BUY,1,638.02
TDB_00000187,2024-09-19 22:16:18,TDB_CUST_5214938,TSLA,BUY,1,638.02
TDB_00000188,2024-09-19 22:16:18,TDB_CUST_5214938,TSLA,BUY,1,638.02
TDB_00000189,2024-09-19 22:16:18,TDB_CUST_5214938,TSLA,BUY,1,638.02
TDB_00000190,2024-09-19 22:16:18,TDB_CUST_5214938,TSLA,BUY,1,638.02
TDB_00000191,2024-09-19 22:16:18,TDB_CUST_5214938,TSLA,BUY,1,638.02
TDB_00000192,2024-09-19 22:16:18,TDB_CUST_5214938,TSLA,BUY,1,638.02
TDB_00000193,2024-09-19 22:16:18,TDB_CUST_5214938,TSLA,BUY,1,638.02
TDB_00000194,2024-09-19 22:16:18,TDB_CUST_5214938,TSLA,BUY,1,638.02
TDB_00000195,2024-09-19 22:16:18,TDB_CUST_5214938,TSLA,BUY,1,638.02
TDB_00000196,2024-09-19 22:16:18,TDB_CUST_5214938,TSLA,BUY,1,638.02
TDB_00000197,2024-09-19 22:16:18,TDB_CUST_5214938,TSLA,BUY,1,638.02
TDB_00000198,2024-09-19 22:16:18,TDB_CUST_5214938,TSLA,BUY,1,638.02
TDB_00000199,2024-09-19 22:16:18,TDB_CUST_5214938,TSLA,BUY,1,638.02
TDB_00000200,2024-09-19 22:16:18,TDB_CUST_5214938,TSLA,BUY,1,638.02
TDB_00000201,2024-09-19 22:16:18,TDB_CUST_5214938,TSLA,BUY,1,638.02
TDB_00000202,2024-09-19 22:16:18,TDB_CUST_5214938,TSLA,BUY,1,638.02
TDB_00000203,2024-09-19 22:16:18,TDB_CUST_5214938,TSLA,BUY,1,638.02
TDB_00000204,2024-09-19 22:16:18,TDB_CUST_5214938,TSLA,BUY,1,638.02
TDB_00000205,2024-09-19 22:16:18,TDB_CUST_5214938,TSLA,BUY,1,638.02
TDB_00000206,2024-09-19 22:16:18,TDB_CUST_5214938,TSLA,BUY,1,638.02
TDB_00000207,2024-09-19 22:16:18,TDB_CUST_5214938,TSLA,BUY,1,638.02
TDB_00000208,2024-09-19 22:16:18,TDB_CUST_5214938,TSLA,BUY,1,638.02
TDB_00000209,2024-09-19 22:16:18,TDB_CUST_5214938,TSLA,BUY,1,638.02
TDB_00000210,2024-09-19 22:16:18,TDB_CUST_5214938,TSLA,BUY,1,638.02
TDB_00000211,2024-09-19 22:16:18,TDB_CUST_5214938,TSLA,BUY,1,638.02
TDB_00000212,2024-09-19 22:16:18,TDB_CUST_5214938,TSLA,BUY,1,638.02
TDB_00000213,2024-09-19 22:16:18,TDB_CUST_5214938,TSLA,BUY,1,638.02
TDB_00000214,2024-09-19 22:16:18,TDB_CUST_5214938,TSLA,BUY,1,638.02
TDB_00000215,2024-09-19 22:16:18,TDB_CUST_5214938,TSLA,BUY,1,638.02
TDB_00000216,2024-09-19 22:16:18,TDB_CUST_5214938,TSLA,BUY,1,638.02
TDB_00000217,2024-09-19 22:16:18,TDB_CUST_5214938,TSLA,BUY,1,638.02
TDB_00000218,2024-09-19 22:16:18,TDB_CUST_5214938,TSLA,BUY,1,638.02
TDB_00000219,2024-09-19 22:16:18,TDB_CUST_5214938,TSLA,BUY,1,638.02
TDB_00000220,2024-09-19 22:16:18,TDB_CUST_5214938,TSLA,BUY,1,638.02
TDB_00000221,2024-09-19 22:16:18,TDB_CUST_5214938,TSLA,BUY,1,638.02
TDB_00000222,2024-09-19 22:16:18,TDB_CUST_5214938,TSLA,BUY,1,638.02
TDB_00000223,2024-09-19 22:16:18,TDB_CUST_5214938,TSLA,BUY,1,638.02
TDB_00000224,2024-09-19 22:16:18,TDB_CUST_5214938,TSLA,BUY,1,638.02
TDB_00000225,2024-09-19 22:16:18,TDB_CUST_5214938,TSLA,BUY,1,638.02
TDB_00000226,2024-09-19 22:16:18,TDB_CUST_5214938,TSLA,BUY,1,638.02
TDB_00000227,2024-09-19 22:16:18,TDB_CUST_5214938,TSLA,BUY,1,638.02
TDB_00000228,2024-09-19 22:16:18,TDB_CUST_5214938,TSLA,BUY,1,638.02
TDB_00000229,2024-09-19 22:16:18,TDB_CUST_5214938,TSLA,BUY,1,638.02
TDB_00000230,2024-09-19 22:16:18,TDB_CUST_5214938,TSLA,BUY,1,638.02
TDB_00000231,2024-09-19 22:16:18,TDB_CUST_5214938,TSLA,BUY,1,638.02
TDB_00000232,2024-09-19 22:16:18,TDB_CUST_5214938,TSLA,BUY,1,638.02
TDB_00000233,2024-09-19 22:16:18,TDB_CUST_5214938,TSLA,BUY,1,638.02
TDB_00000234,2024-09-19 22:16:18,TDB_CUST_5214938,TSLA,BUY,1,638.02
TDB_00000235,2024-09-19 22:16:18,TDB_CUST_5214938,TSLA,BUY,1,638.02
TDB_00000236,2024-09-19 22:16:18,TDB_CUST_5214938,TSLA,BUY,1,638.02
TDB_00000237,2024-09-19 22:16:18,TDB_CUST_5214938,TSLA,BUY,1,638.02
TDB_00000238,2024-09-19 22:16:18,TDB_CUST_5214938,TSLA,BUY,1,638.02
TDB_00000239,2024-09-19 22:16:18,TDB_CUST_5214938,TSLA,BUY,1,638.02
TDB_00000240,2024-09-19 22:16:18,TDB_CUST_5214938,TSLA,BUY,1,638.02
TDB_00000241,2024-09-19 22:16:18,TDB_CUST_5214938,TSLA,BUY,1,638.02
TDB_00000242,2024-09-19 22:16:18,TDB_CUST_5214938,TSLA,BUY,1,638.02
TDB_00000243,2024-09-19 22:16:18,TDB_CUST_5214938,TSLA,BUY,1,638.02
TDB_00000244,2024-09-19 22:16:18,TDB_CUST_5214938,TSLA,BUY,1,638.02
TDB_00000245,2024-09-19 22:16:18,TDB_CUST_5214938,TSLA,BUY,1,638.02
TDB_00000246,2024-09-19 22:16:18,TDB_CUST_5214938,TSLA,BUY,1,638.02
TDB_00000247,2024-09-19 22:16:18,TDB_CUST_5214938,TSLA,BUY,1,638.02
TDB_00000248,2024-09-19 22:16:18,TDB_CUST_5214938,TSLA,BUY,1,638.02
TDB_00000249,2024-09-19 22:16:18,TDB_CUST_5214938,TSLA,BUY,1,638.02
TDB_00000250,2024-09-19 22:16:18,TDB_CUST_5214938,TSLA,BUY,1,638.02
TDB_00000251,2024-09-19 22:16:18,TDB_CUST_5214938,TSLA,BUY,1,638.02
TDB_00000252,2024-09-19 22:16:18,TDB_CUST_5214938,TSLA,BUY,1,638.02
TDB_00000253,2024-09-19 22:16:18,TDB_CUST_5214938,TSLA,BUY,1,638.02
TDB_00000254,2024-09-19 22:16:18,TDB_CUST_5214938,TSLA,BUY,1,638.02
TDB_00000255,2024-09-19 22:16:18,TDB_CUST_5214938,TSLA,BUY,1,638.02
TDB_00000256,2024-09-19 22:16:18,TDB_CUST_5214938,TSLA,BUY,1,638.02
TDB_00000257,2024-09-19 22:16:18,TDB_CUST_5214938,TSLA,BUY,1,638.02
TDB_00000258,2024-09-19 22:16:18,TDB_CUST_5214938,TSLA,BUY,1,638.02
TDB_00000259,2024-09-19 22:16:18,TDB_CUST_5214938,TSLA,BUY,1,638.02
TDB_00000260,2024-09-19 22:16:18,TDB_CUST_5214938,TSLA,BUY,1,638.02
TDB_00000261,2024-09-19 22:16:18,TDB_CUST_5214938,TSLA,BUY,1,638.02
TDB_00000262,2024-09-19 22:16:18,TDB_CUST_5214938,TSLA,BUY,1,638.02
TDB_00000263,2024-09-19 22:16:18,TDB_CUST_5214938,TSLA,BUY,1,638.02
TDB_00000264,2024-09-19 22:16:18,TDB_CUST_5214938,TSLA,BUY,1,638.02
TDB_00000265,2024-09-19 22:16:18,TDB_CUST_5214938,TSLA,BUY,1,638.02
TDB_00000266,2024-09-19 22:16:18,TDB_CUST_5214938,TSLA,BUY,1,638.02
TDB_00000267,2024-09-19 22:16:18,TDB_CUST_5214938,TSLA,BUY,1,638.02
TDB_00000268,2024-09-19 22:16:18,TDB_CUST_5214938,TSLA,BUY,1,638.02
TDB_00000269,2024-09-19 22:16:18,TDB_CUST_5214938,TSLA,BUY,1,638.02
TDB_00000270,2024-09-19 22:16:18,TDB_CUST_5214938,TSLA,BUY,1,638.02
TDB_00000271,2024-09-19 22:16:18,TDB_CUST_5214938,TSLA,BUY,1,638.02
TDB_00000272,2024-09-19 22:16:18,TDB_CUST_5214938,TSLA,BUY,1,638.02
TDB_00000273,2024-09-19 22:16:18,TDB_CUST_5214938,TSLA,BUY,1,638.02
TDB_00000274,2024-09-19 22:16:18,TDB_CUST_5214938,TSLA,BUY,1,638.02
TDB_00000275,2024-09-19 22:16:18,TDB_CUST_5214938,TSLA,BUY,1,638.02
TDB_00000276,2024-09-19 22:16:18,TDB_CUST_5214938,TSLA,BUY,1,638.02
TDB_00000277,2024-09-19 22:16:18,TDB_CUST_5214938,TSLA,BUY,1,638.02
TDB_00000278,2024-09-19 22:16:18,TDB_CUST_5214938,TSLA,BUY,1,638.02
TDB_00000279,2024-09-19 22:16:18,TDB_CUST_5214938,TSLA,BUY,1,638.02
TDB_00000280,2024-09-19 22:16:18,TDB_CUST_5214938,TSLA,BUY,1,638.02
TDB_00000281,2024-09-19 22:16:18,TDB_CUST_5214938,TSLA,BUY,1,638.02
TDB_00000282,2024-09-19 22:16:18,TDB_CUST_5214938,TSLA,BUY,1,638.02
TDB_00000283,2024-09-19 22:16:18,TDB_CUST_5214938,TSLA,BUY,1,638.02
TDB_00000284,2024-09-19 22:16:18,TDB_CUST_5214938,TSLA,BUY,1,638.02
TDB_00000285,2024-09-19 22:16:18,TDB_CUST_5214938,TSLA,BUY,1,638.02
TDB_00000286,2024-09-19 22:16:18,TDB_CUST_5214938,TSLA,BUY,1,638.02
TDB_00000287,2024-09-19 22:16:18,TDB_CUST_5214938,TSLA,BUY,1,638.02
TDB_00000288,2024-09-19 22:16:18,TDB_CUST_5214938,TSLA,BUY,1,638.02
TDB_00000289,2024-09-19 22:16:18,TDB_CUST_5214938,TSLA,BUY,1,638.02
TDB_00000290,2024-09-19 22:16:18,TDB_CUST_5214938,TSLA,BUY,1,638.02
TDB_00000291,2024-09-19 22:16:18,TDB_CUST_5214938,TSLA,BUY,1,638.02
TDB_00000292,2024-09-19 22:16:18,TDB_CUST_5214938,TSLA,BUY,1,638.02
TDB_00000293,2024-09-19 22:16:18,TDB_CUST_5214938,TSLA,BUY,1,638.02
TDB_00000294,2024-09-19 22:16:18,TDB_CUST_5214938,TSLA,BUY,1,638.02
TDB_00000295,2024-09-19 22:16:18,TDB_CUST_5214938,TSLA,BUY,1,638.02
TDB_00000296,2024-09-19 22:16:18,TDB_CUST_5214938,TSLA,BUY,1,638.02
TDB_00000297,2024-09-19 22:16:18,TDB_CUST_5214938,TSLA,BUY,1,638.02
TDB_00000298,2024-09-19 22:16:18,TDB_CUST_5214938,TSLA,BUY,1,638.02
TDB_00000299,2024-09-19 22:16:18,TDB_CUST_5214938,TSLA,BUY,1,638.02
TDB_00000300,2024-09-19 22:16:18,TDB_CUST_5214938,TSLA,BUY,1,638.02
TDB_00000301,2024-09-19 22:16:18,TDB_CUST_5214938,TSLA,BUY,1,638.02
TDB_00000302,2024-09-19 22:16:18,TDB_CUST_5214938,TSLA,BUY,1,638.02
TDB_00000303,2024-09-19 22:16:18,TDB_CUST_5214938,TSLA,BUY,1,638.02
TDB_00000304,2024-09-19 22:16:18,TDB_CUST_5214938,TSLA,BUY,1,638.02
TDB_00000305,2024-09-19 22:16:18,TDB_CUST_5214938,TSLA,BUY,1,638.02
TDB_00000306,2024-09-19 22:16:18,TDB_CUST_5214938,TSLA,BUY,1,638.02
TDB_00000307,2024-09-19 22:16:18,TDB_CUST_5214938,TSLA,BUY,1,638.02
TDB_00000308,2024-09-19 22:16:18,TDB_CUST_5214938,TSLA,BUY,1,638.02
TDB_00000309,2024-09-19 22:16:18,TDB_CUST_5214938,TSLA,BUY,1,638.02
TDB_00000310,2024-09-19 22:16:18,TDB_CUST_5214938,TSLA,BUY,1,638.02
TDB_00000311,2024-09-19 22:16:18,TDB_CUST_5214938,TSLA,BUY,1,638.02
TDB_00000312,2024-09-19 22:16:18,TDB_CUST_5214938,TSLA,BUY,1,638.02
TDB_00000313,2024-09-19 22:16:18,TDB_CUST_5214938,TSLA,BUY,1,638.02
TDB_00000314,2024-09-19 22:16:18,TDB_CUST_5214938,TSLA,BUY,1,638.02
TDB_00000315,2024-09-19 22:16:18,TDB_CUST_5214938,TSLA,BUY,1,638.02
TDB_00000316,2024-09-19 22:16:18,TDB_CUST_5214938,TSLA,BUY,1,638.02
TDB_00000317,2024-09-19 22:16:18,TDB_CUST_5214938,TSLA,BUY,1,638.02
TDB_00000318,2024-09-19 22:16:18,TDB_CUST_5214938,TSLA,BUY,1,638.02
TDB_00000319,2024-09-19 22:16:18,TDB_CUST_5214938,TSLA,BUY,1,638.02
TDB_00000320,2024-09-19 22:16:18,TDB_CUST_5214938,TSLA,BUY,1,638.02
TDB_00000321,2024-09-19 22:16:18,TDB_CUST_5214938,TSLA,BUY,1,638.02
TDB_00000322,2024-09-19 22:16:18,TDB_CUST_5214938,TSLA,BUY,1,638.02
TDB_00000323,2024-09-19 22:16:18,TDB_CUST_5214938,TSLA,BUY,1,638.02
TDB_00000324,2024-09-19 22:16:18,TDB_CUST_5214938,TSLA,BUY,1,638.02
TDB_00000325,2024-09-19 22:16:18,TDB_CUST_5214938,TSLA,BUY,1,638.02
TDB_00000326,2024-09-19 22:16:18,TDB_CUST_5214938,TSLA,BUY,1,638.02
TDB_00000327,2024-09-19 22:16:18,TDB_CUST_5214938,TSLA,BUY,1,638.02
TDB_00000328,2024-09-19 22:16:18,TDB_CUST_5214938,TSLA,BUY,1,638.02
TDB_00000329,2024-09-19 22:16:18,TDB_CUST_5214938,TSLA,BUY,1,638.02
TDB_00000330,2024-09-19 22:16:18,TDB_CUST_5214938,TSLA,BUY,1,638.02
TDB_00000331,2024-09-19 22:16:18,TDB_CUST_5214938,TSLA,BUY,1,638.02
TDB_00000332,2024-09-19 22:16:18,TDB_CUST_5214938,TSLA,BUY,1,638.02
TDB_00000333,2024-09-19 22:16:18,TDB_CUST_5214938,TSLA,BUY,1,638.02
TDB_00000334,2024-09-19 22:16:18,TDB_CUST_5214938,TSLA,BUY,1,638.02
TDB_00000335,2024-09-19 22:16:18,TDB_CUST_5214938,TSLA,BUY,1,638.02
TDB_00000336,2024-09-19 22:16:18,TDB_CUST_5214938,TSLA,BUY,1,638.02
TDB_00000337,2024-09-19 22:16:18,TDB_CUST_5214938,TSLA,BUY,1,638.02
TDB_00000338,2024-09-19 22:16:18,TDB_CUST_5214938,TSLA,BUY,1,638.02
TDB_00000339,2024-09-19 22:16:18,TDB_CUST_5214938,TSLA,BUY,1,638.02
TDB_00000340,2024-09-19 22:16:18,TDB_CUST_5214938,TSLA,BUY,1,638.02
TDB_00000341,2024-09-19 22:16:18,TDB_CUST_5214938,TSLA,BUY,1,638.02
TDB_00000342,2024-09-19 22:16:18,TDB_CUST_5214938,TSLA,BUY,1,638.02
TDB_00000343,2024-09-19 22:16:18,TDB_CUST_5214938,TSLA,BUY,1,638.02
TDB_00000344,2024-09-19 22:16:18,TDB_CUST_5214938,TSLA,BUY,1,638.02
TDB_00000345,2024-09-19 22:16:18,TDB_CUST_5214938,TSLA,BUY,1,638.02
TDB_00000346,2024-09-19 22:16:18,TDB_CUST_5214938,TSLA,BUY,1,638.02
TDB_00000347,2024-09-19 22:16:18,TDB_CUST_5214938,TSLA,BUY,1,638.02
TDB_00000348,2024-09-19 22:16:18,TDB_CUST_5214938,TSLA,BUY,1,638.02
TDB_00000349,2024-09-19 22:16:18,TDB_CUST_5214938,TSLA,BUY,1,638.02
TDB_00000350,2024-09-19 22:16:18,TDB_CUST_5214938,TSLA,BUY,1,638.02
TDB_00000351,2024-09-19 22:16:18,TDB_CUST_5214938,TSLA,BUY,1,638.02
TDB_00000352,2024-09-19 22:16:18,TDB_CUST_5214938,TSLA,BUY,1,638.02
TDB_00000353,2024-09-19 22:16:18,TDB_CUST_5214938,TSLA,BUY,1,638.02
TDB_00000354,2024-09-19 22:16:18,TDB_CUST_5214938,TSLA,BUY,1,638.02
TDB_00000355,2024-09-19 22:16:18,TDB_CUST_5214938,TSLA,BUY,1,638.02
TDB_00000356,2024-09-19 22:16:18,TDB_CUST_5214938,TSLA,BUY,1,638.02
TDB_00000357,2024-09-19 22:16:18,TDB_CUST_5214938,TSLA,BUY,1,638.02
TDB_00000358,2024-09-19 22:16:18,TDB_CUST_5214938,TSLA,BUY,1,638.02
TDB_00000359,2024-09-19 22:16:18,TDB_CUST_5214938,TSLA,BUY,1,638.02
TDB_00000360,2024-09-19 22:16:18,TDB_CUST_5214938,TSLA,BUY,1,638.02
TDB_00000361,2024-09-19 22:16:18,TDB_CUST_5214938,TSLA,BUY,1,638.02
TDB_00000362,2024-09-19 22:16:18,TDB_CUST_5214938,TSLA,BUY,1,638.02
TDB_00000363,2024-09-19 22:16:18,TDB_CUST_5214938,TSLA,BUY,1,638.02
TDB_00000364,2024-09-19 22:16:18,TDB_CUST_5214938,TSLA,BUY,1,638.02
TDB_00000365,2024-09-19 22:16:18,TDB_CUST_5214938,TSLA,BUY,1,638.02
TDB_00000366,2024-09-19 22:16:18,TDB_CUST_5214938,TSLA,BUY,1,638.02
TDB_00000367,2024-09-19 22:16:18,TDB_CUST_5214938,TSLA,BUY,1,638.02
TDB_00000368,2024-09-19 22:16:18,TDB_CUST_5214938,TSLA,BUY,1,638.02
TDB_00000369,2024-09-19 22:16:18,TDB_CUST_5214938,TSLA,BUY,1,638.02
TDB_00000370,2024-09-19 22:16:18,TDB_CUST_5214938,TSLA,BUY,1,638.02
TDB_00000371,2024-09-19 22:16:18,TDB_CUST_5214938,TSLA,BUY,1,638.02
TDB_00000372,2024-09-19 22:16:18,TDB_CUST_5214938,TSLA,BUY,1,638.02
TDB_00000373,2024-09-19 22:16:18,TDB_CUST_5214938,TSLA,BUY,1,638.02
TDB_00000374,2024-09-19 22:16:18,TDB_CUST_5214938,TSLA,BUY,1,638.02
TDB_00000375,2024-09-19 22:16:18,TDB_CUST_5214938,TSLA,BUY,1,638.02
TDB_00000376,2024-09-19 22:16:18,TDB_CUST_5214938,TSLA,BUY,1,638.02
TDB_00000377,2024-09-19 22:16:18,TDB_CUST_5214938,TSLA,BUY,1,638.02
TDB_00000378,2024-09-19 22:16:18,TDB_CUST_5214938,TSLA,BUY,1,638.02
TDB_00000379,2024-09-19 22:16:18,TDB_CUST_5214938,TSLA,BUY,1,638.02
TDB_00000380,2024-09-19 22:16:18,TDB_CUST_5214938,TSLA,BUY,1,638.02
TDB_00000381,2024-09-19 22:16:18,TDB_CUST_5214938,TSLA,BUY,1,638.02
TDB_00000382,2024-09-19 22:16:18,TDB_CUST_5214938,TSLA,BUY,1,638.02
TDB_00000383,2024-09-19 22:16:18,TDB_CUST_5214938,TSLA,BUY,1,638.02
TDB_00000384,2024-09-19 22:16:18,TDB_CUST_5214938,TSLA,BUY,1,638.02
TDB_00000385,2024-09-19 22:16:18,TDB_CUST_5214938,TSLA,BUY,1,638.02
TDB_00000386,2024-09-19 22:16:18,TDB_CUST_5214938,TSLA,BUY,1,638.02
TDB_00000387,2024-09-19 22:16:18,TDB_CUST_5214938,TSLA,BUY,1,638.02
TDB_00000388,2024-09-19 22:16:18,TDB_CUST_5214938,TSLA,BUY,1,638.02
TDB_00000389,2024-09-19 22:16:18,TDB_CUST_5214938,TSLA,BUY,1,638.02
TDB_00000390,2024-09-19 22:16:18,TDB_CUST_5214938,TSLA,BUY,1,638.02
TDB_00000391,2024-09-19 22:16:18,TDB_CUST_5214938,TSLA,BUY,1,638.02
TDB_00000392,2024-09-19 22:16:18,TDB_CUST_5214938,TSLA,BUY,1,638.02
TDB_00000393,2024-09-19 22:16:18,TDB_CUST_5214938,TSLA,BUY,1,638.02
TDB_00000394,2024-09-19 22:16:18,TDB_CUST_5214938,TSLA,BUY,1,638.02
TDB_00000395,2024-09-19 22:16:18,TDB_CUST_5214938,TSLA,BUY,1,638.02
TDB_00000396,2024-09-19 22:16:18,TDB_CUST_5214938,TSLA,BUY,1,638.02
TDB_00000397,2024-09-19 22:16:18,TDB_CUST_5214938,TSLA,BUY,1,638.02
TDB_00000398,2024-09-19 22:16:18,TDB_CUST_5214938,TSLA,BUY,1,638.02
TDB_00000399,2024-09-19 22:16:18,TDB_CUST_5214938,TSLA,BUY,1,638.02
TDB_00000400,2024-09-19 22:16:18,TDB_CUST_5214938,TSLA,BUY,1,638.02
TDB_00000401,2024-09-19 22:16:18,TDB_CUST_5214938,TSLA,BUY,1,638.02
TDB_00000402,2024-09-19 22:16:18,TDB_CUST_5214938,TSLA,BUY,1,638.02
TDB_00000403,2024-09-19 22:16:18,TDB_CUST_5214938,TSLA,BUY,1,638.02
TDB_00000404,2024-09-19 22:16:18,TDB_CUST_5214938,TSLA,BUY,1,638.02
TDB_00000405,2024-09-19 22:16:18,TDB_CUST_5214938,TSLA,BUY,1,638.02
TDB_00000406,2024-09-19 22:16:18,TDB_CUST_5214938,TSLA,BUY,1,638.02
TDB_00000407,2024-09-19 22:16:18,TDB_CUST_5214938,TSLA,BUY,1,638.02
TDB_00000408,2024-09-19 22:16:18,TDB_CUST_5214938,TSLA,BUY,1,638.02
TDB_00000409,2024-09-19 22:16:18,TDB_CUST_5214938,TSLA,BUY,1,638.02
TDB_00000410,2024-09-19 22:16:18,TDB_CUST_5214938,TSLA,BUY,1,638.02
TDB_00000411,2024-09-19 22:16:18,TDB_CUST_5214938,TSLA,BUY,1,638.02
TDB_00000412,2024-09-19 22:16:18,TDB_CUST_5214938,TSLA,BUY,1,638.02
TDB_00000413,2024-09-19 22:16:18,TDB_CUST_5214938,TSLA,BUY,1,638.02
TDB_00000414,2024-09-19 22:16:18,TDB_CUST_5214938,TSLA,BUY,1,638.02
TDB_00000415,2024-09-19 22:16:18,TDB_CUST_5214938,TSLA,BUY,1,638.02
TDB_00000416,2024-09-19 22:16:18,TDB_CUST_5214938,TSLA,BUY,1,638.02
TDB_00000417,2024-09-19 22:16:18,TDB_CUST_5214938,TSLA,BUY,1,638.02
TDB_00000418,2024-09-19 22:16:18,TDB_CUST_5214938,TSLA,BUY,1,638.02
TDB_00000419,2024-09-19 22:16:18,TDB_CUST_5214938,TSLA,BUY,1,638.02
TDB_00000420,2024-09-19 22:16:18,TDB_CUST_5214938,TSLA,BUY,1,638.02
TDB_00000421,2024-09-19 22:16:18,TDB_CUST_5214938,TSLA,BUY,1,638.02
TDB_00000422,2024-09-19 22:16:18,TDB_CUST_5214938,TSLA,BUY,1,638.02
TDB_00000423,2024-09-19 22:16:18,TDB_CUST_5214938,TSLA,BUY,1,638.02
TDB_00000424,2024-09-19 22:16:18,TDB_CUST_5214938,TSLA,BUY,1,638.02
TDB_00000425,2024-09-19 22:16:18,TDB_CUST_5214938,TSLA,BUY,1,638.02
TDB_00000426,2024-09-19 22:16:18,TDB_CUST_5214938,TSLA,BUY,1,638.02
TDB_00000427,2024-09-19 22:16:18,TDB_CUST_5214938,TSLA,BUY,1,638.02
TDB_00000428,2024-09-19 22:16:18,TDB_CUST_5214938,TSLA,BUY,1,638.02
TDB_00000429,2024-09-19 22:16:18,TDB_CUST_5214938,TSLA,BUY,1,638.02
TDB_00000430,2024-09-19 22:16:18,TDB_CUST_5214938,TSLA,BUY,1,638.02
TDB_00000431,2024-09-19 22:16:18,TDB_CUST_5214938,TSLA,BUY,1,638.02
TDB_00000432,2024-09-19 22:16:18,TDB_CUST_5214938,TSLA,BUY,1,638.02
TDB_00000433,2024-09-19 22:16:18,TDB_CUST_5214938,TSLA,BUY,1,638.02
TDB_00000434,2024-09-19 22:16:18,TDB_CUST_5214938,TSLA,BUY,1,638.02
TDB_00000435,2024-09-19 22:16:18,TDB_CUST_5214938,TSLA,BUY,1,638.02
TDB_00000436,2024-09-19 22:16:18,TDB_CUST_5214938,TSLA,BUY,1,638.02
TDB_00000437,2024-09-19 22:16:18,TDB_CUST_5214938,TSLA,BUY,1,638.02
TDB_00000438,2024-09-19 22:16:18,TDB_CUST_5214938,TSLA,BUY,1,638.02
TDB_00000439,2024-09-19 22:16:18,TDB_CUST_5214938,TSLA,BUY,1,638.02
TDB_00000440,2024-09-19 22:16:18,TDB_CUST_5214938,TSLA,BUY,1,638.02
TDB_00000441,2024-09-19 22:16:18,TDB_CUST_5214938,TSLA,BUY,1,638.02
TDB_00000442,2024-09-19 22:16:18,TDB_CUST_5214938,TSLA,BUY,1,638.02
TDB_00000443,2024-09-19 22:16:18,TDB_CUST_5214938,TSLA,BUY,1,638.02
TDB_00000444,2024-09-19 22:16:18,TDB_CUST_5214938,TSLA,BUY,1,638.02
TDB_00000445,2024-09-19 22:16:18,TDB_CUST_5214938,TSLA,BUY,1,638.02
TDB_00000446,2024-09-19 22:16:18,TDB_CUST_5214938,TSLA,BUY,1,638.02
TDB_00000447,2024-09-19 22:16:18,TDB_CUST_5214938,TSLA,BUY,1,638.02
TDB_00000448,2024-09-19 22:16:18,TDB_CUST_5214938,TSLA,BUY,1,638.02
TDB_00000449,2024-09-19 22:16:18,TDB_CUST_5214938,TSLA,BUY,1,638.02
TDB_00000450,2024-09-19 22:16:18,TDB_CUST_5214938,TSLA,BUY,1,638.02
TDB_00000451,2024-09-19 22:16:18,TDB_CUST_5214938,TSLA,BUY,1,638.02
TDB_00000452,2024-09-19 22:16:18,TDB_CUST_5214938,TSLA,BUY,1,638.02
TDB_00000453,2024-09-19 22:16:18,TDB_CUST_5214938,TSLA,BUY,1,638.02
TDB_00000454,2024-09-19 22:16:18,TDB_CUST_5214938,TSLA,BUY,1,638.02
TDB_00000455,2024-09-19 22:16:18,TDB_CUST_5214938,TSLA,BUY,1,638.02
TDB_00000456,2024-09-19 22:16:18,TDB_CUST_5214938,TSLA,BUY,1,638.02
TDB_00000457,2024-09-19 22:16:18,TDB_CUST_5214938,TSLA,BUY,1,638.02
TDB_00000458,2024-09-19 22:16:18,TDB_CUST_5214938,TSLA,BUY,1,638.02
TDB_00000459,2024-09-19 22:16:18,TDB_CUST_5214938,TSLA,BUY,1,638.02
TDB_00000460,2024-09-19 22:16:18,TDB_CUST_5214938,TSLA,BUY,1,638.02
TDB_00000461,2024-09-19 22:16:18,TDB_CUST_5214938,TSLA,BUY,1,638.02
TDB_00000462,2024-09-19 22:16:18,TDB_CUST_5214938,TSLA,BUY,1,638.02
TDB_00000463,2024-09-19 22:16:18,TDB_CUST_5214938,TSLA,BUY,1,638.02
TDB_00000464,2024-09-19 22:16:18,TDB_CUST_5214938,TSLA,BUY,1,638.02
TDB_00000465,2024-09-19 22:16:18,TDB_CUST_5214938,TSLA,BUY,1,638.02
TDB_00000466,2024-09-19 22:16:18,TDB_CUST_5214938,TSLA,BUY,1,638.02
TDB_00000467,2024-09-19 22:16:18,TDB_CUST_5214938,TSLA,BUY,1,638.02
TDB_00000468,2024-09-19 22:16:18,TDB_CUST_5214938,TSLA,BUY,1,638.02
TDB_00000469,2024-09-19 22:16:18,TDB_CUST_5214938,TSLA,BUY,1,638.02
TDB_00000470,2024-09-19 22:16:18,TDB_CUST_5214938,TSLA,BUY,1,638.02
TDB_00000471,2024-09-19 22:16:18,TDB_CUST_5214938,TSLA,BUY,1,638.02
TDB_00000472,2024-09-19 22:16:18,TDB_CUST_5214938,TSLA,BUY,1,638.02
TDB_00000473,2024-09-19 22:16:18,TDB_CUST_5214938,TSLA,BUY,1,638.02
TDB_00000474,2024-09-19 22:16:18,TDB_CUST_5214938,TSLA,BUY,1,638.02
TDB_00000475,2024-09-19 22:16:18,TDB_CUST_5214938,TSLA,BUY,1,638.02
TDB_00000476,2024-09-19 22:16:18,TDB_CUST_5214938,TSLA,BUY,1,638.02
TDB_00000477,2024-09-19 22:16:18,TDB_CUST_5214938,TSLA,BUY,1,638.02
TDB_00000478,2024-09-19 22:16:18,TDB_CUST_5214938,TSLA,BUY,1,638.02
TDB_00000479,2024-09-19 22:16:18,TDB_CUST_5214938,TSLA,BUY,1,638.02
TDB_00000480,2024-09-19 22:16:18,TDB_CUST_5214938,TSLA,BUY,1,638.02
TDB_00000481,2024-09-19 22:16:18,TDB_CUST_5214938,TSLA,BUY,1,638.02
TDB_00000482,2024-09-19 22:16:18,TDB_CUST_5214938,TSLA,BUY,1,638.02
TDB_00000483,2024-09-19 22:16:18,TDB_CUST_5214938,TSLA,BUY,1,638.02
TDB_00000484,2024-09-19 22:16:18,TDB_CUST_5214938,TSLA,BUY,1,638.02
TDB_00000485,2024-09-19 22:16:18,TDB_CUST_5214938,TSLA,BUY,1,638.02
TDB_00000486,2024-09-19 22:16:18,TDB_CUST_5214938,TSLA,BUY,1,638.02
TDB_00000487,2024-09-19 22:16:18,TDB_CUST_5214938,TSLA,BUY,1,638.02
TDB_00000488,2024-09-19 22:16:18,TDB_CUST_5214938,TSLA,BUY,1,638.02
TDB_00000489,2024-09-19 22:16:18,TDB_CUST_5214938,TSLA,BUY,1,638.02
TDB_00000490,2024-09-19 22:16:18,TDB_CUST_5214938,TSLA,BUY,1,638.02
TDB_00000491,2024-09-19 22:16:18,TDB_CUST_5214938,TSLA,BUY,1,638.02
TDB_00000492,2024-09-19 22:16:18,TDB_CUST_5214938,TSLA,BUY,1,638.02
TDB_00000493,2024-09-19 22:16:18,TDB_CUST_5214938,TSLA,BUY,1,638.02
TDB_00000494,2024-09-19 22:16:18,TDB_CUST_5214938,TSLA,BUY,1,638.02
TDB_00000495,2024-09-19 22:16:18,TDB_CUST_5214938,TSLA,BUY,1,638.02
TDB_00000496,2024-09-19 22:16:18,TDB_CUST_5214938,TSLA,BUY,1,638.02
TDB_00000497,2024-09-19 22:16:18,TDB_CUST_5214938,TSLA,BUY,1,638.02
TDB_00000498,2024-09-19 22:16:18,TDB_CUST_5214938,TSLA,BUY,1,638.02
TDB_00000499,2024-09-19 22:16:18,TDB_CUST_5214938,TSLA,BUY,1,638.02
TDB_00000500,2024-09-19 22:16:18,TDB_CUST_5214938,TSLA,BUY,1,638.02
TDB_00000501,2024-09-19 22:16:18,TDB_CUST_5214938,TSLA,BUY,1,638.02
TDB_00000502,2024-09-19 22:16:18,TDB_CUST_5214938,TSLA,BUY,1,638.02
TDB_00000503,2024-09-19 22:16:18,TDB_CUST_5214938,TSLA,BUY,1,638.02
TDB_00000504,2024-09-19 22:16:18,TDB_CUST_5214938,TSLA,BUY,1,638.02
TDB_00000505,2024-09-19 22:16:18,TDB_CUST_5214938,TSLA,BUY,1,638.02
TDB_00000506,2024-09-19 22:16:18,TDB_CUST_5214938,TSLA,BUY,1,638.02
TDB_00000507,2024-09-19 22:16:18,TDB_CUST_5214938,TSLA,BUY,1,638.02
TDB_00000508,2024-09-19 22:16:18,TDB_CUST_5214938,TSLA,BUY,1,638.02
TDB_00000509,2024-09-19 22:16:18,TDB_CUST_5214938,TSLA,BUY,1,638.02
TDB_00000510,2024-09-19 22:16:18,TDB_CUST_5214938,TSLA,BUY,1,638.02
TDB_00000511,2024-09-19 22:16:18,TDB_CUST_5214938,TSLA,BUY,1,638.02
TDB_00000512,2024-09-19 22:16:18,TDB_CUST_5214938,TSLA,BUY,1,638.02
TDB_00000513,2024-09-19 22:16:18,TDB_CUST_5214938,TSLA,BUY,1,638.02
TDB_00000514,2024-09-19 22:16:18,TDB_CUST_5214938,TSLA,BUY,1,638.02
TDB_00000515,2024-09-19 22:16:18,TDB_CUST_5214938,TSLA,BUY,1,638.02
TDB_00000516,2024-09-19 22:16:18,TDB_CUST_5214938,TSLA,BUY,1,638.02
TDB_00000517,2024-09-19 22:16:18,TDB_CUST_5214938,TSLA,BUY,1,638.02
TDB_00000518,2024-09-19 22:16:18,TDB_CUST_5214938,TSLA,BUY,1,638.02
TDB_00000519,2024-09-19 22:16:18,TDB_CUST_5214938,TSLA,BUY,1,638.02
TDB_00000520,2024-09-19 22:16:18,TDB_CUST_5214938,TSLA,BUY,1,638.02
TDB_00000521,2024-09-19 22:16:18,TDB_CUST_5214938,TSLA,BUY,1,638.02
TDB_00000522,2024-09-19 22:16:18,TDB_CUST_5214938,TSLA,BUY,1,638.02
TDB_00000523,2024-09-19 22:16:18,TDB_CUST_5214938,TSLA,BUY,1,638.02
TDB_00000524,2024-09-19 22:16:18,TDB_CUST_5214938,TSLA,BUY,1,638.02
TDB_00000525,2024-09-19 22:16:18,TDB_CUST_5214938,TSLA,BUY,1,638.02
TDB_00000526,2024-09-19 22:16:18,TDB_CUST_5214938,TSLA,BUY,1,638.02
TDB_00000527,2024-09-19 22:16:18,TDB_CUST_5214938,TSLA,BUY,1,638.02
TDB_00000528,2024-09-19 22:16:18,TDB_CUST_5214938,TSLA,BUY,1,638.02
TDB_00000529,2024-09-19 22:16:18,TDB_CUST_5214938,TSLA,BUY,1,638.02
TDB_00000530,2024-09-19 22:16:18,TDB_CUST_5214938,TSLA,BUY,1,638.02
TDB_00000531,2024-09-19 22:16:18,TDB_CUST_5214938,TSLA,BUY,1,638.02
TDB_00000532,2024-09-19 22:16:18,TDB_CUST_5214938,TSLA,BUY,1,638.02
TDB_00000533,2024-09-19 22:16:18,TDB_CUST_5214938,TSLA,BUY,1,638.02
TDB_00000534,2024-09-19 22:16:18,TDB_CUST_5214938,TSLA,BUY,1,638.02
TDB_00000535,2024-09-19 22:16:18,TDB_CUST_5214938,TSLA,BUY,1,638.02
TDB_00000536,2024-09-19 22:16:18,TDB_CUST_5214938,TSLA,BUY,1,638.02
TDB_00000537,2024-09-19 22:16:18,TDB_CUST_5214938,TSLA,BUY,1,638.02
TDB_00000538,2024-09-19 22:16:18,TDB_CUST_5214938,TSLA,BUY,1,638.02
TDB_00000539,2024-09-19 22:16:18,TDB_CUST_5214938,TSLA,BUY,1,638.02
TDB_00000540,2024-09-19 22:16:18,TDB_CUST_5214938,TSLA,BUY,1,638.02
TDB_00000541,2024-09-19 22:16:18,TDB_CUST_5214938,TSLA,BUY,1,638.02
TDB_00000542,2024-09-19 22:16:18,TDB_CUST_5214938,TSLA,BUY,1,638.02
TDB_00000543,2024-09-19 22:16:18,TDB_CUST_5214938,TSLA,BUY,1,638.02
TDB_00000544,2024-09-19 22:16:18,TDB_CUST_5214938,TSLA,BUY,1,638.02
TDB_00000545,2024-09-19 22:16:18,TDB_CUST_5214938,TSLA,BUY,1,638.02
TDB_00000546,2024-09-19 22:16:18,TDB_CUST_5214938,TSLA,BUY,1,638.02
TDB_00000547,2024-09-19 22:16:18,TDB_CUST_5214938,TSLA,BUY,1,638.02
TDB_00000548,2024-09-19 22:16:18,TDB_CUST_5214938,TSLA,BUY,1,638.02
TDB_00000549,2024-09-19 22:16:18,TDB_CUST_5214938,TSLA,BUY,1,638.02
TDB_00000550,2024-09-19 22:16:18,TDB_CUST_5214938,TSLA,BUY,1,638.02
TDB_00000551,2024-09-19 22:16:18,TDB_CUST_5214938,TSLA,BUY,1,638.02
TDB_00000552,2024-09-19 22:16:18,TDB_CUST_5214938,TSLA,BUY,1,638.02
TDB_00000553,2024-09-19 22:16:18,TDB_CUST_5214938,TSLA,BUY,1,638.02
TDB_00000554,2024-09-19 22:16:18,TDB_CUST_5214938,TSLA,BUY,1,638.02
TDB_00000555,2024-09-19 22:16:18,TDB_CUST_5214938,TSLA,BUY,1,638.02
TDB_00000556,2024-09-19 22:16:18,TDB_CUST_5214938,TSLA,BUY,1,638.02
TDB_00000557,2024-09-19 22:16:18,TDB_CUST_5214938,TSLA,BUY,1,638.02
TDB_00000558,2024-09-19 22:16:18,TDB_CUST_5214938,TSLA,BUY,1,638.02
TDB_00000559,2024-09-19 22:16:18,TDB_CUST_5214938,TSLA,BUY,1,638.02
TDB_00000560,2024-09-19 22:16:18,TDB_CUST_5214938,TSLA,BUY,1,638.02
TDB_00000561,2024-09-19 22:16:18,TDB_CUST_5214938,TSLA,BUY,1,638.02
TDB_00000562,2024-09-19 22:16:18,TDB_CUST_5214938,TSLA,BUY,1,638.02
TDB_00000563,2024-09-19 22:16:18,TDB_CUST_5214938,TSLA,BUY,1,638.02
TDB_00000564,2024-09-19 22:16:18,TDB_CUST_5214938,TSLA,BUY,1,638.02
TDB_00000565,2024-09-19 22:16:18,TDB_CUST_5214938,TSLA,BUY,1,638.02
TDB_00000566,2024-09-19 22:16:18,TDB_CUST_5214938,TSLA,BUY,1,638.02
TDB_00000567,2024-09-19 22:16:18,TDB_CUST_5214938,TSLA,BUY,1,638.02
TDB_00000568,2024-09-19 22:16:18,TDB_CUST_5214938,TSLA,BUY,1,638.02
TDB_00000569,2024-09-19 22:16:18,TDB_CUST_5214938,TSLA,BUY,1,638.02
TDB_00000570,2024-09-19 22:16:18,TDB_CUST_5214938,TSLA,BUY,1,638.02
TDB_00000571,2024-09-19 22:16:18,TDB_CUST_5214938,TSLA,BUY,1,638.02
TDB_00000572,2024-09-19 22:16:18,TDB_CUST_5214938,TSLA,BUY,1,638.02
TDB_00000573,2024-09-19 22:16:18,TDB_CUST_5214938,TSLA,BUY,1,638.02
TDB_00000574,2024-09-19 22:16:18,TDB_CUST_5214938,TSLA,BUY,1,638.02
TDB_00000575,2024-09-19 22:16:18,TDB_CUST_5214938,TSLA,BUY,1,638.02
TDB_00000576,2024-09-19 22:16:18,TDB_CUST_5214938,TSLA,BUY,1,638.02
TDB_00000577,2024-09-19 22:16:18,TDB_CUST_5214938,TSLA,BUY,1,638.02
TDB_00000578,2024-09-19 22:16:18,TDB_CUST_5214938,TSLA,BUY,1,638.02
TDB_00000579,2024-09-19 22:16:18,TDB_CUST_5214938,TSLA,BUY,1,638.02
TDB_00000580,2024-09-19 22:16:18,TDB_CUST_5214938,TSLA,BUY,1,638.02
TDB_00000581,2024-09-19 22:16:18,TDB_CUST_5214938,TSLA,BUY,1,638.02
TDB_00000582,2024-09-19 22:16:18,TDB_CUST_5214938,TSLA,BUY,1,638.02
TDB_00000583,2024-09-19 22:16:18,TDB_CUST_5214938,TSLA,BUY,1,638.02
TDB_00000584,2024-09-19 22:16:18,TDB_CUST_5214938,TSLA,BUY,1,638.02
TDB_00000585,2024-09-19 22:16:18,TDB_CUST_5214938,TSLA,BUY,1,638.02
TDB_00000586,2024-09-19 22:16:18,TDB_CUST_5214938,TSLA,BUY,1,638.02
TDB_00000587,2024-09-19 22:16:18,TDB_CUST_5214938,TSLA,BUY,1,638.02
TDB_00000588,2024-09-19 22:16:18,TDB_CUST_5214938,TSLA,BUY,1,638.02
TDB_00000589,2024-09-19 22:16:18,TDB_CUST_5214938,TSLA,BUY,1,638.02
TDB_00000590,2024-09-19 22:16:18,TDB_CUST_5214938,TSLA,BUY,1,638.02
TDB_00000591,2024-09-19 22:16:18,TDB_CUST_5214938,TSLA,BUY,1,638.02
TDB_00000592,2024-09-19 22:16:18,TDB_CUST_5214938,TSLA,BUY,1,638.02
TDB_00000593,2024-09-19 22:16:18,TDB_CUST_5214938,TSLA,BUY,1,638.02
TDB_00000594,2024-09-19 22:16:18,TDB_CUST_5214938,TSLA,BUY,1,638.02
TDB_00000595,2024-09-19 22:16:18,TDB_CUST_5214938,TSLA,BUY,1,638.02
TDB_00000596,2024-09-19 22:16:18,TDB_CUST_5214938,TSLA,BUY,1,638.02
TDB_00000597,2024-09-19 22:16:18,TDB_CUST_5214938,TSLA,BUY,1,638.02
TDB_00000598,2024-09-19 22:16:18,TDB_CUST_5214938,TSLA,BUY,1,638.02
TDB_00000599,2024-09-19 22:16:18,TDB_CUST_5214938,TSLA,BUY,1,638.02
TDB_00000600,2024-09-19 22:16:18,TDB_CUST_5214938,TSLA,BUY,1,638.02
TDB_00000601,2024-09-19 22:16:18,TDB_CUST_5214938,TSLA,BUY,1,638.02
TDB_00000602,2024-09-19 22:16:18,TDB_CUST_5214938,TSLA,BUY,1,638.02
TDB_00000603,2024-09-19 22:16:18,TDB_CUST_5214938,TSLA,BUY,1,638.02
TDB_00000604,2024-09-19 22:16:18,TDB_CUST_5214938,TSLA,BUY,1,638.02
TDB_00000605,2024-09-19 22:16:18,TDB_CUST_5214938,TSLA,BUY,1,638.02
TDB_00000606,2024-09-19 22:16:18,TDB_CUST_5214938,TSLA,BUY,1,638.02
TDB_00000607,2024-09-19 22:16:18,TDB_CUST_5214938,TSLA,BUY,1,638.02
TDB_00000608,2024-09-19 22:16:18,TDB_CUST_5214938,TSLA,BUY,1,638.02
TDB_00000609,2024-09-19 22:16:18,TDB_CUST_5214938,TSLA,BUY,1,638.02
TDB_00000610,2024-09-19 22:16:18,TDB_CUST_5214938,TSLA,BUY,1,638.02
TDB_00000611,2024-09-19 22:16:18,TDB_CUST_5214938,TSLA,BUY,1,638.02
TDB_00000612,2024-09-19 22:16:18,TDB_CUST_5214938,TSLA,BUY,1,638.02
TDB_00000613,2024-09-19 22:16:18,TDB_CUST_5214938,TSLA,BUY,1,638.02
TDB_00000614,2024-09-19 22:16:18,TDB_CUST_5214938,TSLA,BUY,1,638.02
TDB_00000615,2024-09-19 22:16:18,TDB_CUST_5214938,TSLA,BUY,1,638.02
TDB_00000616,2024-09-19 22:16:18,TDB_CUST_5214938,TSLA,BUY,1,638.02
TDB_00000617,2024-09-19 22:16:18,TDB_CUST_5214938,TSLA,BUY,1,638.02
TDB_00000618,2024-09-19 22:16:18,TDB_CUST_5214938,TSLA,BUY,1,638.02
TDB_00000619,2024-09-19 22:16:18,TDB_CUST_5214938,TSLA,BUY,1,638.02
TDB_00000620,2024-09-19 22:16:18,TDB_CUST_5214938,TSLA,BUY,1,638.02
TDB_00000621,2024-09-19 22:16:18,TDB_CUST_5214938,TSLA,BUY,1,638.02
TDB_00000622,2024-09-19 22:16:18,TDB_CUST_5214938,TSLA,BUY,1,638.02
TDB_00000623,2024-09-19 22:16:18,TDB_CUST_5214938,TSLA,BUY,1,638.02
TDB_00000624,2024-09-19 22:16:18,TDB_CUST_5214938,TSLA,BUY,1,638.02
TDB_00000625,2024-09-19 22:16:18,TDB_CUST_5214938,TSLA,BUY,1,638.02
TDB_00000626,2024-09-19 22:16:18,TDB_CUST_5214938,TSLA,BUY,1,638.02
TDB_00000627,2024-09-19 22:16:18,TDB_CUST_5214938,TSLA,BUY,1,638.02
TDB_00000628,2024-09-19 22:16:18,TDB_CUST_5214938,TSLA,BUY,1,638.02
TDB_00000629,2024-09-19 22:16:18,TDB_CUST_5214938,TSLA,BUY,1,638.02
TDB_00000630,2024-09-19 22:16:18,TDB_CUST_5214938,TSLA,BUY,1,638.02
TDB_00000631,2024-09-19 22:16:18,TDB_CUST_5214938,TSLA,BUY,1,638.02
TDB_00000632,2024-09-19 22:16:18,TDB_CUST_5214938,TSLA,BUY,1,638.02
TDB_00000633,2024-09-19 22:16:18,TDB_CUST_5214938,TSLA,BUY,1,638.02
TDB_00000634,2024-09-19 22:16:18,TDB_CUST_5214938,TSLA,BUY,1,638.02
TDB_00000635,2024-09-19 22:16:18,TDB_CUST_5214938,TSLA,BUY,1,638.02
TDB_00000636,2024-09-19 22:16:18,TDB_CUST_5214938,TSLA,BUY,1,638.02
TDB_00000637,2024-09-19 22:16:18,TDB_CUST_5214938,TSLA,BUY,1,638.02
TDB_00000638,2024-09-19 22:16:18,TDB_CUST_5214938,TSLA,BUY,1,638.02
TDB_00000639,2024-09-19 22:16:18,TDB_CUST_5214938,TSLA,BUY,1,638.02
TDB_00000640,2024-09-19 22:16:18,TDB_CUST_5214938,TSLA,BUY,1,638.02
TDB_00000641,2024-09-19 22:16:18,TDB_CUST_5214938,TSLA,BUY,1,638.02
TDB_00000642,2024-09-19 22:16:18,TDB_CUST_5214938,TSLA,BUY,1,638.02
TDB_00000643,2024-09-19 22:16:18,TDB_CUST_5214938,TSLA,BUY,1,638.02
TDB_00000644,2024-09-19 22:16:18,TDB_CUST_5214938,TSLA,BUY,1,638.02
TDB_00000645,2024-09-19 22:16:18,TDB_CUST_5214938,TSLA,BUY,1,638.02
TDB_00000646,2024-09-19 22:16:18,TDB_CUST_5214938,TSLA,BUY,1,638.02
TDB_00000647,2024-09-19 22:16:18,TDB_CUST_5214938,TSLA,BUY,1,638.02
TDB_00000648,2024-09-19 22:16:18,TDB_CUST_5214938,TSLA,BUY,1,638.02
TDB_00000649,2024-09-19 22:16:18,TDB_CUST_5214938,TSLA,BUY,1,638.02
TDB_00000650,2024-09-19 22:16:18,TDB_CUST_5214938,TSLA,BUY,1,638.02
TDB_00000651,2024-09-19 22:16:18,TDB_CUST_5214938,TSLA,BUY,1,638.02
TDB_00000652,2024-09-19 22:16:18,TDB_CUST_5214938,TSLA,BUY,1,638.02
TDB_00000653,2024-09-19 22:16:18,TDB_CUST_5214938,TSLA,BUY,1,638.02
TDB_00000654,2024-09-19 22:16:18,TDB_CUST_5214938,TSLA,BUY,1,638.02
TDB_00000655,2024-09-19 22:16:18,TDB_CUST_5214938,TSLA,BUY,1,638.02
TDB_00000656,2024-09-19 22:16:18,TDB_CUST_5214938,TSLA,BUY,1,638.02
TDB_00000657,2024-09-19 22:16:18,TDB_CUST_5214938,TSLA,BUY,1,638.02
TDB_00000658,2024-09-19 22:16:18,TDB_CUST_5214938,TSLA,BUY,1,638.02
TDB_00000659,2024-09-19 22:16:18,TDB_CUST_5214938,TSLA,BUY,1,638.02
TDB_00000660,2024-09-19 22:16:18,TDB_CUST_5214938,TSLA,BUY,1,638.02
TDB_00000661,2024-09-19 22:16:18,TDB_CUST_5214938,TSLA,BUY,1,638.02
TDB_00000662,2024-09-19 22:16:18,TDB_CUST_5214938,TSLA,BUY,1,638.02
TDB_00000663,2024-09-19 22:16:18,TDB_CUST_5214938,TSLA,BUY,1,638.02
TDB_00000664,2024-09-19 22:16:18,TDB_CUST_5214938,TSLA,BUY,1,638.02
TDB_00000665,2024-09-19 22:16:18,TDB_CUST_5214938,TSLA,BUY,1,638.02
TDB_00000666,2024-09-19 22:16:18,TDB_CUST_5214938,TSLA,BUY,1,638.02
TDB_00000667,2024-09-19 22:16:18,TDB_CUST_5214938,TSLA,BUY,1,638.02
TDB_00000668,2024-09-19 22:16:18,TDB_CUST_5214938,TSLA,BUY,1,638.02
TDB_00000669,2024-09-19 22:16:18,TDB_CUST_5214938,TSLA,BUY,1,638.02
TDB_00000670,2024-09-19 22:16:18,TDB_CUST_5214938,TSLA,BUY,1,638.02
TDB_00000671,2024-09-19 22:16:18,TDB_CUST_5214938,TSLA,BUY,1,638.02
TDB_00000672,2024-09-19 22:16:18,TDB_CUST_5214938,TSLA,BUY,1,638.02
TDB_00000673,2024-09-19 22:16:18,TDB_CUST_5214938,TSLA,BUY,1,638.02
TDB_00000674,2024-09-19 22:16:18,TDB_CUST_5214938,TSLA,BUY,1,638.02
TDB_00000675,2024-09-19 22:16:18,TDB_CUST_5214938,TSLA,BUY,1,638.02
TDB_00000676,2024-09-19 22:16:18,TDB_CUST_5214938,TSLA,BUY,1,638.02
TDB_00000677,2024-09-19 22:16:18,TDB_CUST_5214938,TSLA,BUY,1,638.02
TDB_00000678,2024-09-19 22:16:18,TDB_CUST_5214938,TSLA,BUY,1,638.02
TDB_00000679,2024-09-19 22:16:18,TDB_CUST_5214938,TSLA,BUY,1,638.02
TDB_00000680,2024-09-19 22:16:18,TDB_CUST_5214938,TSLA,BUY,1,638.02
TDB_00000681,2024-09-19 22:16:18,TDB_CUST_5214938,TSLA,BUY,1,638.02
TDB_00000682,2024-09-19 22:16:18,TDB_CUST_5214938,TSLA,BUY,1,638.02
TDB_00000683,2024-09-19 22:16:18,TDB_CUST_5214938,TSLA,BUY,1,638.02
TDB_00000684,2024-09-19 22:16:18,TDB_CUST_5214938,TSLA,BUY,1,638.02
TDB_00000685,2024-09-19 22:16:18,TDB_CUST_5214938,TSLA,BUY,1,638.02
TDB_00000686,2024-09-19 22:16:18,TDB_CUST_5214938,TSLA,BUY,1,638.02
TDB_00000687,2024-09-19 22:16:18,TDB_CUST_5214938,TSLA,BUY,1,638.02
TDB_00000688,2024-09-19 22:16:18,TDB_CUST_5214938,TSLA,BUY,1,638.02
TDB_00000689,2024-09-19 22:16:18,TDB_CUST_5214938,TSLA,BUY,1,638.02
TDB_00000690,2024-09-19 22:16:18,TDB_CUST_5214938,TSLA,BUY,1,638.02
TDB_00000691,2024-09-19 22:16:18,TDB_CUST_5214938,TSLA,BUY,1,638.02
TDB_00000692,2024-09-19 22:16:18,TDB_CUST_5214938,TSLA,BUY,1,638.02
TDB_00000693,2024-09-19 22:16:18,TDB_CUST_5214938,TSLA,BUY,1,638.02
TDB_00000694,2024-09-19 22:16:18,TDB_CUST_5214938,TSLA,BUY,1,638.02
TDB_00000695,2024-09-19 22:16:18,TDB_CUST_5214938,TSLA,BUY,1,638.02
TDB_00000696,2024-09-19 22:16:18,TDB_CUST_5214938,TSLA,BUY,1,638.02
TDB_00000697,2024-09-19 22:16:18,TDB_CUST_5214938,TSLA,BUY,1,638.02
TDB_00000698,2024-09-19 22:16:18,TDB_CUST_5214938,TSLA,BUY,1,638.02
TDB_00000699,2024-09-19 22:16:18,TDB_CUST_5214938,TSLA,BUY,1,638.02
TDB_00000700,2024-09-19 22:16:18,TDB_CUST_5214938,TSLA,BUY,1,638.02
TDB_00000701,2024-09-19 22:16:18,TDB_CUST_5214938,TSLA,BUY,1,638.02
TDB_00000702,2024-09-19 22:16:18,TDB_CUST_5214938,TSLA,BUY,1,638.02
TDB_00000703,2024-09-19 22:16:18,TDB_CUST_5214938,TSLA,BUY,1,638.02
TDB_00000704,2024-09-19 22:16:18,TDB_CUST_5214938,TSLA,BUY,1,638.02
TDB_00000705,2024-09-19 22:16:18,TDB_CUST_5214938,TSLA,BUY,1,638.02
TDB_00000706,2024-09-19 22:16:18,TDB_CUST_5214938,TSLA,BUY,1,638.02
TDB_00000707,2024-09-19 22:16:18,TDB_CUST_5214938,TSLA,BUY,1,638.02
TDB_00000708,2024-09-19 22:16:18,TDB_CUST_5214938,TSLA,BUY,1,638.02
TDB_00000709,2024-09-19 22:16:18,TDB_CUST_5214938,TSLA,BUY,1,638.02
TDB_00000710,2024-09-19 22:16:18,TDB_CUST_5214938,TSLA,BUY,1,638.02
TDB_00000711,2024-09-19 22:16:18,TDB_CUST_5214938,TSLA,BUY,1,638.02
TDB_00000712,2024-09-19 22:16:18,TDB_CUST_5214938,TSLA,BUY,1,638.02
TDB_00000713,2024-09-19 22:16:18,TDB_CUST_5214938,TSLA,BUY,1,638.02
TDB_00000714,2024-09-19 22:16:18,TDB_CUST_5214938,TSLA,BUY,1,638.02
TDB_00000715,2024-09-19 22:16:18,TDB_CUST_5214938,TSLA,BUY,1,638.02
TDB_00000716,2024-09-19 22:16:18,TDB_CUST_5214938,TSLA,BUY,1,638.02
TDB_00000717,2024-09-19 22:16:18,TDB_CUST_5214938,TSLA,BUY,1,638.02
TDB_00000718,2024-09-19 22:16:18,TDB_CUST_5214938,TSLA,BUY,1,638.02
TDB_00000719,2024-09-19 22:16:18,TDB_CUST_5214938,TSLA,BUY,1,638.02
TDB_00000720,2024-09-19 22:16:18,TDB_CUST_5214938,TSLA,BUY,1,638.02
TDB_00000721,2024-09-19 22:16:18,TDB_CUST_5214938,TSLA,BUY,1,638.02
TDB_00000722,2024-09-19 22:16:18,TDB_CUST_5214938,TSLA,BUY,1,638.02
TDB_00000723,2024-09-19 22:16:18,TDB_CUST_5214938,TSLA,BUY,1,638.02
TDB_00000724,2024-09-19 22:16:18,TDB_CUST_5214938,TSLA,BUY,1,638.02
TDB_00000725,2024-09-19 22:16:18,TDB_CUST_5214938,TSLA,BUY,1,638.02
TDB_00000726,2024-09-19 22:16:18,TDB_CUST_5214938,TSLA,BUY,1,638.02
TDB_00000727,2024-09-19 22:16:18,TDB_CUST_5214938,TSLA,BUY,1,638.02
TDB_00000728,2024-09-19 22:16:18,TDB_CUST_5214938,TSLA,BUY,1,638.02
TDB_00000729,2024-09-19 22:16:18,TDB_CUST_5214938,TSLA,BUY,1,638.02
TDB_00000730,2024-09-19 22:16:18,TDB_CUST_5214938,TSLA,BUY,1,638.02
TDB_00000731,2024-09-19 22:16:18,TDB_CUST_5214938,TSLA,BUY,1,638.02
TDB_00000732,2024-09-19 22:16:18,TDB_CUST_5214938,TSLA,BUY,1,638.02
TDB_00000733,2024-09-19 22:16:18,TDB_CUST_5214938,TSLA,BUY,1,638.02
TDB_00000734,2024-09-19 22:16:18,TDB_CUST_5214938,TSLA,BUY,1,638.02
TDB_00000735,2024-09-19 22:16:18,TDB_CUST_5214938,TSLA,BUY,1,638.02
TDB_00000736,2024-09-19 22:16:18,TDB_CUST_5214938,TSLA,BUY,1,638.02
TDB_00000737,2024-09-19 22:16:18,TDB_CUST_5214938,TSLA,BUY,1,638.02
TDB_00000738,2024-09-19 22:16:18,TDB_CUST_5214938,TSLA,BUY,1,638.02
TDB_00000739,2024-09-19 22:16:18,TDB_CUST_5214938,TSLA,BUY,1,638.02
TDB_00000740,2024-09-19 22:16:18,TDB_CUST_5214938,TSLA,BUY,1,638.02
TDB_00000741,2024-09-19 22:16:18,TDB_CUST_5214938,TSLA,BUY,1,638.02
TDB_00000742,2024-09-19 22:16:18,TDB_CUST_5214938,TSLA,BUY,1,638.02
TDB_00000743,2024-09-19 22:16:18,TDB_CUST_5214938,TSLA,BUY,1,638.02
TDB_00000744,2024-09-19 22:16:18,TDB_CUST_5214938,TSLA,BUY,1,638.02
TDB_00000745,2024-09-19 22:16:18,TDB_CUST_5214938,TSLA,BUY,1,638.02
TDB_00000746,2024-09-19 22:16:18,TDB_CUST_5214938,TSLA,BUY,1,638.02
TDB_00000747,2024-09-19 22:16:18,TDB_CUST_5214938,TSLA,BUY,1,638.02
TDB_00000748,2024-09-19 22:16:18,TDB_CUST_5214938,TSLA,BUY,1,638.02
TDB_00000749,2024-09-19 22:16:18,TDB_CUST_5214938,TSLA,BUY,1,638.02
TDB_00000750,2024-09-19 22:16:18,TDB_CUST_5214938,TSLA,BUY,1,638.02
TDB_00000751,2024-09-19 22:16:18,TDB_CUST_5214938,TSLA,BUY,1,638.02
TDB_00000752,2024-09-19 22:16:18,TDB_CUST_5214938,TSLA,BUY,1,638.02
TDB_00000753,2024-09-19 22:16:18,TDB_CUST_5214938,TSLA,BUY,1,638.02
TDB_00000754,2024-09-19 22:16:18,TDB_CUST_5214938,TSLA,BUY,1,638.02
TDB_00000755,2024-09-19 22:16:18,TDB_CUST_5214938,TSLA,BUY,1,638.02
TDB_00000756,2024-09-19 22:16:18,TDB_CUST_5214938,TSLA,BUY,1,638.02
TDB_00000757,2024-09-19 22:16:18,TDB_CUST_5214938,TSLA,BUY,1,638.02
TDB_00000758,2024-09-19 22:16:18,TDB_CUST_5214938,TSLA,BUY,1,638.02
TDB_00000759,2024-09-19 22:16:18,TDB_CUST_5214938,TSLA,BUY,1,638.02
TDB_00000760,2024-09-19 22:16:18,TDB_CUST_5214938,TSLA,BUY,1,638.02
TDB_00000761,2024-09-19 22:16:18,TDB_CUST_5214938,TSLA,BUY,1,638.02
TDB_00000762,2024-09-19 22:16:18,TDB_CUST_5214938,TSLA,BUY,1,638.02
TDB_00000763,2024-09-19 22:16:18,TDB_CUST_5214938,TSLA,BUY,1,638.02
TDB_00000764,2024-09-19 22:16:18,TDB_CUST_5214938,TSLA,BUY,1,638.02
TDB_00000765,2024-09-19 22:16:18,TDB_CUST_5214938,TSLA,BUY,1,638.02
TDB_00000766,2024-09-19 22:16:18,TDB_CUST_5214938,TSLA,BUY,1,638.02
TDB_00000767,2024-09-19 22:16:18,TDB_CUST_5214938,TSLA,BUY,1,638.02
TDB_00000768,2024-09-19 22:16:18,TDB_CUST_5214938,TSLA,BUY,1,638.02
TDB_00000769,2024-09-19 22:16:18,TDB_CUST_5214938,TSLA,BUY,1,638.02
TDB_00000770,2024-09-19 22:16:18,TDB_CUST_5214938,TSLA,BUY,1,638.02
TDB_00000771,2024-09-19 22:16:18,TDB_CUST_5214938,TSLA,BUY,1,638.02
TDB_00000772,2024-09-19 22:16:18,TDB_CUST_5214938,TSLA,BUY,1,638.02
TDB_00000773,2024-09-19 22:16:18,TDB_CUST_5214938,TSLA,BUY,1,638.02
TDB_00000774,2024-09-19 22:16:18,TDB_CUST_5214938,TSLA,BUY,1,638.02
TDB_00000775,2024-09-19 22:16:18,TDB_CUST_5214938,TSLA,BUY,1,638.02
TDB_00000776,2024-09-19 22:16:18,TDB_CUST_5214938,TSLA,BUY,1,638.02
TDB_00000777,2024-09-19 22:16:18,TDB_CUST_5214938,TSLA,BUY,1,638.02
TDB_00000778,2024-09-19 22:16:18,TDB_CUST_5214938,TSLA,BUY,1,638.02
TDB_00000779,2024-09-19 22:16:18,TDB_CUST_5214938,TSLA,BUY,1,638.02
TDB_00000780,2024-09-19 22:16:18,TDB_CUST_5214938,TSLA,BUY,1,638.02
TDB_00000781,2024-09-19 22:16:18,TDB_CUST_5214938,TSLA,BUY,1,638.02
TDB_00000782,2024-09-19 22:16:18,TDB_CUST_5214938,TSLA,BUY,1,638.02
TDB_00000783,2024-09-19 22:16:18,TDB_CUST_5214938,TSLA,BUY,1,638.02
TDB_00000784,2024-09-19 22:16:18,TDB_CUST_5214938,TSLA,BUY,1,638.02
TDB_00000785,2024-09-19 22:16:18,TDB_CUST_5214938,TSLA,BUY,1,638.02
TDB_00000786,2024-09-19 22:16:18,TDB_CUST_5214938,TSLA,BUY,1,638.02
TDB_00000787,2024-09-19 22:16:18,TDB_CUST_5214938,TSLA,BUY,1,638.02
TDB_00000788,2024-09-19 22:16:18,TDB_CUST_5214938,TSLA,BUY,1,638.02
TDB_00000789,2024-09-19 22:16:18,TDB_CUST_5214938,TSLA,BUY,1,638.02
TDB_00000790,2024-09-19 22:16:18,TDB_CUST_5214938,TSLA,BUY,1,638.02
TDB_00000791,2024-09-19 22:16:18,TDB_CUST_5214938,TSLA,BUY,1,638.02
TDB_00000792,2024-09-19 22:16:18,TDB_CUST_5214938,TSLA,BUY,1,638.02
TDB_00000793,2024-09-19 22:16:18,TDB_CUST_5214938,TSLA,BUY,1,638.02
TDB_00000794,2024-09-19 22:16:18,TDB_CUST_5214938,TSLA,BUY,1,638.02
TDB_00000795,2024-09-19 22:16:18,TDB_CUST_5214938,TSLA,BUY,1,638.02
TDB_00000796,2024-09-19 22:16:18,TDB_CUST_5214938,TSLA,BUY,1,638.02
TDB_00000797,2024-09-19 22:16:18,TDB_CUST_5214938,TSLA,BUY,1,638.02
TDB_00000798,2024-09-19 22:16:18,TDB_CUST_5214938,TSLA,BUY,1,638.02
TDB_00000799,2024-09-19 22:16:18,TDB_CUST_5214938,TSLA,BUY,1,638.02
TDB_00000800,2024-09-19 22:16:18,TDB_CUST_5214938,TSLA,BUY,1,638.02
TDB_00000801,2024-09-19 22:16:18,TDB_CUST_5214938,TSLA,BUY,1,638.02
TDB_00000802,2024-09-19 22:16:18,TDB_CUST_5214938,TSLA,BUY,1,638.02
TDB_00000803,2024-09-19 22:16:18,TDB_CUST_5214938,TSLA,BUY,1,638.02
TDB_00000804,2024-09-19 22:16:18,TDB_CUST_5214938,TSLA,BUY,1,638.02
TDB_00000805,2024-09-19 22:16:18,TDB_CUST_5214938,TSLA,BUY,1,638.02
TDB_00000806,2024-09-19 22:16:18,TDB_CUST_5214938,TSLA,BUY,1,638.02
TDB_00000807,2024-09-19 22:16:18,TDB_CUST_5214938,TSLA,BUY,1,638.02
TDB_00000808,2024-09-19 22:16:18,TDB_CUST_5214938,TSLA,BUY,1,638.02
TDB_00000809,2024-09-19 22:16:18,TDB_CUST_5214938,TSLA,BUY,1,638.02
TDB_00000810,2024-09-19 22:16:18,TDB_CUST_5214938,TSLA,BUY,1,638.02
TDB_00000811,2024-09-19 22:16:18,TDB_CUST_5214938,TSLA,BUY,1,638.02
TDB_00000812,2024-09-19 22:16:18,TDB_CUST_5214938,TSLA,BUY,1,638.02
TDB_00000813,2024-09-19 22:16:18,TDB_CUST_5214938,TSLA,BUY,1,638.02
TDB_00000814,2024-09-19 22:16:18,TDB_CUST_5214938,TSLA,BUY,1,638.02
TDB_00000815,2024-09-19 22:16:18,TDB_CUST_5214938,TSLA,BUY,1,638.02
TDB_00000816,2024-09-19 22:16:18,TDB_CUST_5214938,TSLA,BUY,1,638.02
TDB_00000817,2024-09-19 22:16:18,TDB_CUST_5214938,TSLA,BUY,1,638.02
TDB_00000818,2024-09-19 22:16:18,TDB_CUST_5214938,TSLA,BUY,1,638.02
TDB_00000819,2024-09-19 22:16:18,TDB_CUST_5214938,TSLA,BUY,1,638.02
TDB_00000820,2024-09-19 22:16:18,TDB_CUST_5214938,TSLA,BUY,1,638.02
TDB_00000821,2024-09-19 22:16:18,TDB_CUST_5214938,TSLA,BUY,1,638.02
TDB_00000822,2024-09-19 22:16:18,TDB_CUST_5214938,TSLA,BUY,1,638.02
TDB_00000823,2024-09-19 22:16:18,TDB_CUST_5214938,TSLA,BUY,1,638.02
TDB_00000824,2024-09-19 22:16:18,TDB_CUST_5214938,TSLA,BUY,1,638.02
TDB_00000825,2024-09-19 22:16:18,TDB_CUST_5214938,TSLA,BUY,1,638.02
TDB_00000826,2024-09-19 22:16:18,TDB_CUST_5214938,TSLA,BUY,1,638.02
TDB_00000827,2024-09-19 22:16:18,TDB_CUST_5214938,TSLA,BUY,1,638.02
TDB_00000828,2024-09-19 22:16:18,TDB_CUST_5214938,TSLA,BUY,1,638.02
TDB_00000829,2024-09-19 22:16:18,TDB_CUST_5214938,TSLA,BUY,1,638.02
TDB_00000830,2024-09-19 22:16:18,TDB_CUST_5214938,TSLA,BUY,1,638.02
TDB_00000831,2024-09-19 22:16:18,TDB_CUST_5214938,TSLA,BUY,1,638.02
TDB_00000832,2024-09-19 22:16:18,TDB_CUST_5214938,TSLA,BUY,1,638.02
TDB_00000833,2024-09-19 22:16:18,TDB_CUST_5214938,TSLA,BUY,1,638.02
TDB_00000834,2024-09-19 22:16:18,TDB_CUST_5214938,TSLA,BUY,1,638.02
TDB_00000835,2024-09-19 22:16:18,TDB_CUST_5214938,TSLA,BUY,1,638.02
TDB_00000836,2024-09-19 22:16:18,TDB_CUST_5214938,TSLA,BUY,1,638.02
TDB_00000837,2024-09-19 22:16:18,TDB_CUST_5214938,TSLA,BUY,1,638.02
TDB_00000838,2024-09-19 22:16:18,TDB_CUST_5214938,TSLA,BUY,1,638.02
TDB_00000839,2024-09-19 22:16:18,TDB_CUST_5214938,TSLA,BUY,1,638.02
TDB_00000840,2024-09-19 22:16:18,TDB_CUST_5214938,TSLA,BUY,1,638.02
TDB_00000841,2024-09-19 22:16:18,TDB_CUST_5214938,TSLA,BUY,1,638.02
TDB_00000842,2024-09-19 22:16:18,TDB_CUST_5214938,TSLA,BUY,1,638.02
TDB_00000843,2024-09-19 22:16:18,TDB_CUST_5214938,TSLA,BUY,1,638.02
TDB_00000844,2024-09-19 22:16:18,TDB_CUST_5214938,TSLA,BUY,1,638.02
TDB_00000845,2024-09-19 22:16:18,TDB_CUST_5214938,TSLA,BUY,1,638.02
TDB_00000846,2024-09-19 22:16:18,TDB_CUST_5214938,TSLA,BUY,1,638.02
TDB_00000847,2024-09-19 22:16:18,TDB_CUST_5214938,TSLA,BUY,1,638.02
TDB_00000848,2024-09-19 22:16:18,TDB_CUST_5214938,TSLA,BUY,1,638.02
TDB_00000849,2024-09-19 22:16:18,TDB_CUST_5214938,TSLA,BUY,1,638.02
TDB_00000850,2024-09-19 22:16:18,TDB_CUST_5214938,TSLA,BUY,1,638.02
TDB_00000851,2024-09-19 22:16:18,TDB_CUST_5214938,TSLA,BUY,1,638.02
TDB_00000852,2024-09-19 22:16:18,TDB_CUST_5214938,TSLA,BUY,1,638.02
TDB_00000853,2024-09-19 22:16:18,TDB_CUST_5214938,TSLA,BUY,1,638.02
TDB_00000854,2024-09-19 22:16:18,TDB_CUST_5214938,TSLA,BUY,1,638.02
TDB_00000855,2024-09-19 22:16:18,TDB_CUST_5214938,TSLA,BUY,1,638.02
TDB_00000856,2024-09-19 22:16:18,TDB_CUST_5214938,TSLA,BUY,1,638.02
TDB_00000857,2024-09-19 22:16:18,TDB_CUST_5214938,TSLA,BUY,1,638.02
TDB_00000858,2024-09-19 22:16:18,TDB_CUST_5214938,TSLA,BUY,1,638.02
TDB_00000859,2024-09-19 22:16:18,TDB_CUST_5214938,TSLA,BUY,1,638.02
TDB_00000860,2024-09-19 22:16:18,TDB_CUST_5214938,TSLA,BUY,1,638.02
TDB_00000861,2024-09-19 22:16:18,TDB_CUST_5214938,TSLA,BUY,1,638.02
TDB_00000862,2024-09-19 22:16:18,TDB_CUST_5214938,TSLA,BUY,1,638.02
TDB_00000863,2024-09-19 22:16:18,TDB_CUST_5214938,TSLA,BUY,1,638.02
TDB_00000864,2024-09-19 22:16:18,TDB_CUST_5214938,TSLA,BUY,1,638.02
TDB_00000865,2024-09-19 22:16:18,TDB_CUST_5214938,TSLA,BUY,1,638.02
TDB_00000866,2024-09-19 22:16:18,TDB_CUST_5214938,TSLA,BUY,1,638.02
TDB_00000867,2024-09-19 22:16:18,TDB_CUST_5214938,TSLA,BUY,1,638.02
TDB_00000868,2024-09-19 22:16:18,TDB_CUST_5214938,TSLA,BUY,1,638.02
TDB_00000869,2024-09-19 22:16:18,TDB_CUST_5214938,TSLA,BUY,1,638.02
TDB_00000870,2024-09-19 22:16:18,TDB_CUST_5214938,TSLA,BUY,1,638.02
TDB_00000871,2024-09-19 22:16:18,TDB_CUST_5214938,TSLA,BUY,1,638.02
TDB_00000872,2024-09-19 22:16:18,TDB_CUST_5214938,TSLA,BUY,1,638.02
TDB_00000873,2024-09-19 22:16:18,TDB_CUST_5214938,TSLA,BUY,1,638.02
TDB_00000874,2024-09-19 22:16:18,TDB_CUST_5214938,TSLA,BUY,1,638.02
TDB_00000875,2024-09-19 22:16:18,TDB_CUST_5214938,TSLA,BUY,1,638.02
TDB_00000876,2024-09-19 22:16:18,TDB_CUST_5214938,TSLA,BUY,1,638.02
TDB_00000877,2024-09-19 22:16:18,TDB_CUST_5214938,TSLA,BUY,1,638.02
TDB_00000878,2024-09-19 22:16:18,TDB_CUST_5214938,TSLA,BUY,1,638.02
TDB_00000879,2024-09-19 22:16:18,TDB_CUST_5214938,TSLA,BUY,1,638.02
TDB_00000880,2024-09-19 22:16:18,TDB_CUST_5214938,TSLA,BUY,1,638.02
TDB_00000881,2024-09-19 22:16:18,TDB_CUST_5214938,TSLA,BUY,1,638.02
TDB_00000882,2024-09-19 22:16:18,TDB_CUST_5214938,TSLA,BUY,1,638.02
TDB_00000883,2024-09-19 22:16:18,TDB_CUST_5214938,TSLA,BUY,1,638.02
TDB_00000884,2024-09-19 22:16:18,TDB_CUST_5214938,TSLA,BUY,1,638.02
TDB_00000885,2024-09-19 22:16:18,TDB_CUST_5214938,TSLA,BUY,1,638.02
TDB_00000886,2024-09-19 22:16:18,TDB_CUST_5214938,TSLA,BUY,1,638.02
TDB_00000887,2024-09-19 22:16:18,TDB_CUST_5214938,TSLA,BUY,1,638.02
TDB_00000888,2024-09-19 22:16:18,TDB_CUST_5214938,TSLA,BUY,1,638.02
TDB_00000889,2024-09-19 22:16:18,TDB_CUST_5214938,TSLA,BUY,1,638.02
TDB_00000890,2024-09-19 22:16:18,TDB_CUST_5214938,TSLA,BUY,1,638.02
TDB_00000891,2024-09-19 22:16:18,TDB_CUST_5214938,TSLA,BUY,1,638.02
TDB_00000892,2024-09-19 22:16:18,TDB_CUST_5214938,TSLA,BUY,1,638.02
TDB_00000893,2024-09-19 22:16:18,TDB_CUST_5214938,TSLA,BUY,1,638.02
TDB_00000894,2024-09-19 22:16:18,TDB_CUST_5214938,TSLA,BUY,1,638.02
TDB_00000895,2024-09-19 22:16:18,TDB_CUST_5214938,TSLA,BUY,1,638.02
TDB_00000896,2024-09-19 22:16:18,TDB_CUST_5214938,TSLA,BUY,1,638.02
TDB_00000897,2024-09-19 22:16:18,TDB_CUST_5214938,TSLA,BUY,1,638.02
TDB_00000898,2024-09-19 22:16:18,TDB_CUST_5214938,TSLA,BUY,1,638.02
TDB_00000899,2024-09-19 22:16:18,TDB_CUST_5214938,TSLA,BUY,1,638.02
TDB_00000900,2024-09-19 22:16:18,TDB_CUST_5214938,TSLA,BUY,1,638.02
TDB_00000901,2024-09-19 22:16:18,TDB_CUST_5214938,TSLA,BUY,1,638.02
TDB_00000902,2024-09-19 22:16:18,TDB_CUST_5214938,TSLA,BUY,1,638.02
TDB_00000903,2024-09-19 22:16:18,TDB_CUST_5214938,TSLA,BUY,1,638.02
TDB_00000904,2024-09-19 22:16:18,TDB_CUST_5214938,TSLA,BUY,1,638.02
TDB_00000905,2024-09-19 22:16:18,TDB_CUST_5214938,TSLA,BUY,1,638.02
TDB_00000906,2024-09-19 22:16:18,TDB_CUST_5214938,TSLA,BUY,1,638.02
TDB_00000907,2024-09-19 22:16:18,TDB_CUST_5214938,TSLA,BUY,1,638.02
TDB_00000908,2024-09-19 22:16:18,TDB_CUST_5214938,TSLA,BUY,1,638.02
TDB_00000909,2024-09-19 22:16:18,TDB_CUST_5214938,TSLA,BUY,1,638.02
TDB_00000910,2024-09-19 22:16:18,TDB_CUST_5214938,TSLA,BUY,1,638.02
TDB_00000911,2024-09-19 22:16:18,TDB_CUST_5214938,TSLA,BUY,1,638.02
TDB_00000912,2024-09-19 22:16:18,TDB_CUST_5214938,TSLA,BUY,1,638.02
TDB_00000913,2024-09-19 22:16:18,TDB_CUST_5214938,TSLA,BUY,1,638.02
TDB_00000914,2024-09-19 22:16:18,TDB_CUST_5214938,TSLA,BUY,1,638.02
TDB_00000915,2024-09-19 22:16:18,TDB_CUST_5214938,TSLA,BUY,1,638.02
TDB_00000916,2024-09-19 22:16:18,TDB_CUST_5214938,TSLA,BUY,1,638.02
TDB_00000917,2024-09-19 22:16:18,TDB_CUST_5214938,TSLA,BUY,1,638.02
TDB_00000918,2024-09-19 22:16:18,TDB_CUST_5214938,TSLA,BUY,1,638.02
TDB_00000919,2024-09-19 22:16:18,TDB_CUST_5214938,TSLA,BUY,1,638.02
TDB_00000920,2024-09-19 22:16:18,TDB_CUST_5214938,TSLA,BUY,1,638.02
TDB_00000921,2024-09-19 22:16:18,TDB_CUST_5214938,TSLA,BUY,1,638.02
TDB_00000922,2024-09-19 22:16:18,TDB_CUST_5214938,TSLA,BUY,1,638.02
TDB_00000923,2024-09-19 22:16:18,TDB_CUST_5214938,TSLA,BUY,1,638.02
TDB_00000924,2024-09-19 22:16:18,TDB_CUST_5214938,TSLA,BUY,1,638.02
TDB_00000925,2024-09-19 22:16:18,TDB_CUST_5214938,TSLA,BUY,1,638.02
TDB_00000926,2024-09-19 22:16:18,TDB_CUST_5214938,TSLA,BUY,1,638.02
TDB_00000927,2024-09-19 22:16:18,TDB_CUST_5214938,TSLA,BUY,1,638.02
TDB_00000928,2024-09-19 22:16:18,TDB_CUST_5214938,TSLA,BUY,1,638.02
TDB_00000929,2024-09-19 22:16:18,TDB_CUST_5214938,TSLA,BUY,1,638.02
TDB_00000930,2024-09-19 22:16:18,TDB_CUST_5214938,TSLA,BUY,1,638.02
TDB_00000931,2024-09-19 22:16:18,TDB_CUST_5214938,TSLA,BUY,1,638.02
TDB_00000932,2024-09-19 22:16:18,TDB_CUST_5214938,TSLA,BUY,1,638.02
TDB_00000933,2024-09-19 22:16:18,TDB_CUST_5214938,TSLA,BUY,1,638.02
TDB_00000934,2024-09-19 22:16:18,TDB_CUST_5214938,TSLA,BUY,1,638.02
TDB_00000935,2024-09-19 22:16:18,TDB_CUST_5214938,TSLA,BUY,1,638.02
TDB_00000936,2024-09-19 22:16:18,TDB_CUST_5214938,TSLA,BUY,1,638.02
TDB_00000937,2024-09-19 22:16:18,TDB_CUST_5214938,TSLA,BUY,1,638.02
TDB_00000938,2024-09-19 22:16:18,TDB_CUST_5214938,TSLA,BUY,1,638.02
TDB_00000939,2024-09-19 22:16:18,TDB_CUST_5214938,TSLA,BUY,1,638.02
TDB_00000940,2024-09-19 22:16:18,TDB_CUST_5214938,TSLA,BUY,1,638.02
TDB_00000941,2024-09-19 22:16:18,TDB_CUST_5214938,TSLA,BUY,1,638.02
TDB_00000942,2024-09-19 22:16:18,TDB_CUST_5214938,TSLA,BUY,1,638.02
TDB_00000943,2024-09-19 22:16:18,TDB_CUST_5214938,TSLA,BUY,1,638.02
TDB_00000944,2024-09-19 22:16:18,TDB_CUST_5214938,TSLA,BUY,1,638.02
TDB_00000945,2024-09-19 22:16:18,TDB_CUST_5214938,TSLA,BUY,1,638.02
TDB_00000946,2024-09-19 22:16:18,TDB_CUST_5214938,TSLA,BUY,1,638.02
TDB_00000947,2024-09-19 22:16:18,TDB_CUST_5214938,TSLA,BUY,1,638.02
TDB_00000948,2024-09-19 22:16:18,TDB_CUST_5214938,TSLA,BUY,1,638.02
TDB_00000949,2024-09-19 22:16:18,TDB_CUST_5214938,TSLA,BUY,1,638.02
TDB_00000950,2024-09-19 22:16:18,TDB_CUST_5214938,TSLA,BUY,1,638.02
TDB_00000951,2024-09-19 22:16:18,TDB_CUST_5214938,TSLA,BUY,1,638.02
TDB_00000952,2024-09-19 22:16:18,TDB_CUST_5214938,TSLA,BUY,1,638.02
TDB_00000953,2024-09-19 22:16:18,TDB_CUST_5214938,TSLA,BUY,1,638.02
TDB_00000954,2024-09-19 22:16:18,TDB_CUST_5214938,TSLA,BUY,1,638.02
TDB_00000955,2024-09-19 22:16:18,TDB_CUST_5214938,TSLA,BUY,1,638.02
TDB_00000956,2024-09-19 22:16:18,TDB_CUST_5214938,TSLA,BUY,1,638.02
TDB_00000957,2024-09-19 22:16:18,TDB_CUST_5214938,TSLA,BUY,1,638.02
TDB_00000958,2024-09-19 22:16:18,TDB_CUST_5214938,TSLA,BUY,1,638.02
TDB_00000959,2024-09-19 22:16:18,TDB_CUST_5214938,TSLA,BUY,1,638.02
TDB_00000960,2024-09-19 22:16:18,TDB_CUST_5214938,TSLA,BUY,1,638.02
TDB_00000961,2024-09-19 22:16:18,TDB_CUST_5214938,TSLA,BUY,1,638.02
TDB_00000962,2024-09-19 22:16:18,TDB_CUST_5214938,TSLA,BUY,1,638.02
TDB_00000963,2024-09-19 22:16:18,TDB_CUST_5214938,TSLA,BUY,1,638.02
TDB_00000964,2024-09-19 22:16:18,TDB_CUST_5214938,TSLA,BUY,1,638.02
TDB_00000965,2024-09-19 22:16:18,TDB_CUST_5214938,TSLA,BUY,1,638.02
TDB_00000966,2024-09-19 22:16:18,TDB_CUST_5214938,TSLA,BUY,1,638.02
TDB_00000967,2024-09-19 22:16:18,TDB_CUST_5214938,TSLA,BUY,1,638.02
TDB_00000968,2024-09-19 22:16:18,TDB_CUST_5214938,TSLA,BUY,1,638.02
TDB_00000969,2024-09-19 22:16:18,TDB_CUST_5214938,TSLA,BUY,1,638.02
TDB_00000970,2024-09-19 22:16:18,TDB_CUST_5214938,TSLA,BUY,1,638.02
TDB_00000971,2024-09-19 22:16:18,TDB_CUST_5214938,TSLA,BUY,1,638.02
TDB_00000972,2024-09-19 22:16:18,TDB_CUST_5214938,TSLA,BUY,1,638.02
TDB_00000973,2024-09-19 22:16:18,TDB_CUST_5214938,TSLA,BUY,1,638.02
TDB_00000974,2024-09-19 22:16:18,TDB_CUST_5214938,TSLA,BUY,1,638.02
TDB_00000975,2024-09-19 22:16:18,TDB_CUST_5214938,TSLA,BUY,1,638.02
TDB_00000976,2024-09-19 22:16:18,TDB_CUST_5214938,TSLA,BUY,1,638.02
TDB_00000977,2024-09-19 22:16:18,TDB_CUST_5214938,TSLA,BUY,1,638.02
TDB_00000978,2024-09-19 22:16:18,TDB_CUST_5214938,TSLA,BUY,1,638.02
TDB_00000979,2024-09-19 22:16:18,TDB_CUST_5214938,TSLA,BUY,1,638.02
TDB_00000980,2024-09-19 22:16:18,TDB_CUST_5214938,TSLA,BUY,1,638.02
TDB_00000981,2024-09-19 22:16:18,TDB_CUST_5214938,TSLA,BUY,1,638.02
TDB_00000982,2024-09-19 22:16:18,TDB_CUST_5214938,TSLA,BUY,1,638.02
TDB_00000983,2024-09-19 22:16:18,TDB_CUST_5214938,TSLA,BUY,1,638.02
TDB_00000984,2024-09-19 22:16:18,TDB_CUST_5214938,TSLA,BUY,1,638.02
TDB_00000985,2024-09-19 22:16:18,TDB_CUST_5214938,TSLA,BUY,1,638.02
TDB_00000986,2024-09-19 22:16:18,TDB_CUST_5214938,TSLA,BUY,1,638.02
TDB_00000987,2024-09-19 22:16:18,TDB_CUST_5214938,TSLA,BUY,1,638.02
TDB_00000988,2024-09-19 22:16:18,TDB_CUST_5214938,TSLA,BUY,1,638.02
TDB_00000989,2024-09-19 22:16:18,TDB_CUST_5214938,TSLA,BUY,1,638.02
TDB_00000990,2024-09-19 22:16:18,TDB_CUST_5214938,TSLA,BUY,1,638.02
TDB_00000991,2024-09-19 22:16:18,TDB_CUST_5214938,TSLA,BUY,1,638.02
TDB_00000992,2024-09-19 22:16:18,TDB_CUST_5214938,TSLA,BUY,1,638.02
TDB_00000993,2024-09-19 22:16:18,TDB_CUST_5214938,TSLA,BUY,1,638.02
TDB_00000994,2024-09-19 22:16:18,TDB_CUST_5214938,TSLA,BUY,1,638.02
TDB_00000995,2024-09-19 22:16:18,TDB_CUST_5214938,TSLA,BUY,1,638.02
TDB_00000996,2024-09-19 22:16:18,TDB_CUST_5214938,TSLA,BUY,1,638.02
TDB_00000997,2024-09-19 22:16:18,TDB_CUST_5214938,TSLA,BUY,1,638.02
TDB_00000998,2024-09-19 22:16:18,TDB_CUST_5214938,TSLA,BUY,1,638.02
TDB_00000999,2024-09-19 22:16:18,TDB_CUST_5214938,TSLA,BUY,1,638.02
TDB_000001000,2024-09-19 22:16:18,TDB_CUST_5214938,TSLA,BUY,1,638.02
TDB_000001001,2024-09-19 22:16:18,TDB_CUST_5214938,TSLA,BUY,1,638.02
TDB_000001002,2024-09-19 22:16:18,TDB_CUST_5214938,TSLA,BUY,1,638.02
TDB_000001003,2024-09-19 22:16:18,TDB_CUST_5214938,TSLA,BUY,1,638.02
TDB_000001004,2024-09-19 22:16:18,TDB_CUST_5214938,TSLA,BUY,1,638.02
TDB_000001005,2024-09-19 22:16:18,TDB_CUST_5214938,TSLA,BUY,1,638.02
TDB_000001006,2024-09-19 22:16:18,TDB_CUST_5214938,TSLA,BUY,1,638.02
TDB_000001007,2024-09-19 22:16:18,TDB_CUST_5214938,TSLA,BUY,1,638.02
TDB_000001008,2024-09-19 22:16:18,TDB_CUST_5214938,TSLA,BUY,1,638.02
TDB_000001009,2024-09-19 22:16:18,TDB_CUST_5214938,TSLA,BUY,1,638.02
TDB_000001010,2024-09-19 22:16:18,TDB_CUST_5214938,TSLA,BUY,1,638.02
TDB_000001011,2024-09-19 22:16:18,TDB_CUST_5214938,TSLA,BUY,1,638.02
TDB_000001012,2024-09-19 22:16:18,TDB_CUST_5214938,TSLA,BUY,1,638.02
TDB_000001013,2024-09-19 22:16:18,TDB_CUST_5214938,TSLA,BUY,1,638.02
TDB_000001014,2024-09-19 22:16:18,TDB_CUST_5214938,TSLA,BUY,1,638.02
TDB_000001015,2024-09-19 22:16:18,TDB_CUST_5214938,TSLA,BUY,1,638.02
TDB_000001016,2024-09-19 22:16:18,TDB_CUST_5214938,TSLA,BUY,1,638.02
TDB_000001017,2024-09-19 22:16:18,TDB_CUST_5214938,TSLA,BUY,1,638.02
TDB_000001018,2024-09-19 22:16:18,TDB_CUST_5214938,TSLA,BUY,1,638.02
TDB_000001019,2024-09-19 22:16:18,TDB_CUST_5214938,TSLA,BUY,1,638.02
TDB_000001020,2024-09-19 22:16:18,TDB_CUST_5214938,TSLA,BUY,1,638.02
TDB_000001021,2024-09-19 22:16:18,TDB_CUST_5214938,TSLA,BUY,1,638.02
TDB_000001022,2024-09-19 22:16:18,TDB_CUST_5214938,TSLA,BUY,1,638.02
TDB_000001023,2024-09-19 22:16:18,TDB_CUST_5214938,TSLA,BUY,1,638.02
TDB_000001024,2024-09-19 22:16:18,TDB_CUST_5214938,TSLA,BUY,1,638.02
TDB_000001025,2024-09-19 22:16:18,TDB_CUST_5214938,TSLA,BUY,1,638.02
TDB_000001026,2024-09-19 22:16:18,TDB_CUST_5214938,TSLA,BUY,1,638.02
TDB_000001027,2024-09-19 22:16:18,TDB_CUST_5214938,TSLA,BUY,1,638.02
TDB_000001028,2024-09-19 22:16:18,TDB_CUST_5214938,TSLA,BUY,1,638.02
TDB_000001029,2024-09-19 22:16:18,TDB_CUST_5214938,TSLA,BUY,1,638.02
TDB_000001030,2024-09-19 22:16:18,TDB_CUST_5214938,TSLA,BUY,1,638.02
TDB_000001031,2024-09-19 22:16:18,TDB_CUST_5214938,TSLA,BUY,1,638.02
TDB_000001032,2024-09-19 22:16:18,TDB_CUST_5214938,TSLA,BUY,1,638.02
TDB_000001033,2024-09-19 22:16:18,TDB_CUST_5214938,TSLA,BUY,1,638.02
TDB_000001034,2024-09-19 22:16:18,TDB_CUST_5214938,TSLA,BUY,1,638.02
TDB_000001035,2024-09-19 22:16:18,TDB_CUST_5214938,TSLA,BUY,1,638.02
TDB_000001036,2024-09-19 22:16:18,TDB_CUST_5214938,TSLA,BUY,1,638.02
TDB_000001037,2024-09-19 22:16:18,TDB_CUST_5214938,TSLA,BUY,1,638.02
TDB_000001038,2024-09-19 22:16:18,TDB_CUST_5214938,TSLA,BUY,1,638.02
TDB_000001039,2024-09-19 22:16:18,TDB_CUST_5214938,TSLA,BUY,1,638.02
TDB_000001040,2024-09-19 22:16:18,TDB_CUST_5214938,TSLA,BUY,1,638.02
TDB_000001041,2024-09-19 22:16:18,TDB_CUST_5214938,TSLA,BUY,1,638.02
TDB_000001042,2024-09-19 22:16:18,TDB_CUST_5214938,TSLA,BUY,1,638.02
TDB_000001043,2024-09-19 22:16:18,TDB_CUST_5214938,TSLA,BUY,1,638.02
TDB_000001044,2024-09-19 22:16:18,TDB_CUST_5214938,TSLA,BUY,1,638.02
TDB_000001045,2024-09-19 22:16:18,TDB_CUST_5214938,TSLA,BUY,1,638.02
TDB_000001046,2024-09-19 22:16:18,TDB_CUST_5214938,TSLA,BUY,1,638.02
TDB_000001047,2024-09-19 22:16:18,TDB_CUST_5214938,TSLA,BUY,1,638.02
TDB_000001048,2024-09-19 22:16:18,TDB_CUST_5214938,TSLA,BUY,1,638.02
TDB_000001049,2024-09-19 22:16:18,TDB_CUST_5214938,TSLA,BUY,1,638.02
TDB_000001050,2024-09-19 22:16:18,TDB_CUST_5214938,TSLA,BUY,1,638.02
TDB_000001051,2024-09-19 22:16:18,TDB_CUST_5214938,TSLA,BUY,1,638.02
TDB_000001052,2024-09-19 22:16:18,TDB_CUST_5214938,TSLA,BUY,1,638.02
TDB_000001053,2024-09-19 22:16:18,TDB_CUST_5214938,TSLA,BUY,1,638.02
TDB_000001054,2024-09-19 22:16:18,TDB_CUST_5214938,TSLA,BUY,1,638.02
TDB_000001055,2024-09-19 22:16:18,TDB_CUST_5214938,TSLA,BUY,1,638.02
TDB_000001056,2024-09-19 22:16:18,TDB_CUST_5214938,TSLA,BUY,1,638.02
TDB_000001057,2024-09-19 22:16:18,TDB_CUST_5214938,TSLA,BUY,1,638.02
TDB_000001058,2024-09-19 22:16:18,TDB_CUST_5214938,TSLA,BUY,1,638.02
TDB_000001059,2024-09-19 22:16:18,TDB_CUST_5214938,TSLA,BUY,1,638.02
TDB_000001060,2024-09-19 22:16:18,TDB_CUST_5214938,TSLA,BUY,1,638.02
TDB_000001061,2024-09-19 22:16:18,TDB_CUST_5214938,TSLA,BUY,1,638.02
TDB_000001062,2024-09-19 22:16:18,TDB_CUST_5214938,TSLA,BUY,1,638.02
TDB_000001063,2024-09-19 22:16:18,TDB_CUST_5214938,TSLA,BUY,1,638.02
TDB_000001064,2024-09-19 22:16:18,TDB_CUST_5214938,TSLA,BUY,1,638.02
TDB_000001065,2024-09-19 22:16:18,TDB_CUST_5214938,TSLA,BUY,1,638.02
TDB_000001066,2024-09-19 22:16:18,TDB_CUST_5214938,TSLA,BUY,1,638.02
TDB_000001067,2024-09-19 22:16:18,TDB_CUST_5214938,TSLA,BUY,1,638.02
TDB_000001068,2024-09-19 22:16:18,TDB_CUST_5214938,TSLA,BUY,1,638.02
TDB_000001069,2024-09-19 22:16:18,TDB_CUST_5214938,TSLA,BUY,1,638.02
TDB_000001070,2024-09-19 22:16:18,TDB_CUST_5214938,TSLA,BUY,1,638.02
TDB_000001071,2024-09-19 22:16:18,TDB_CUST_5214938,TSLA,BUY,1,638.02
TDB_000001072,2024-09-19 22:16:18,TDB_CUST_5214938,TSLA,BUY,1,638.02
TDB_000001073,2024-09-19 22:16:18,TDB_CUST_5214938,TSLA,BUY,1,638.02
TDB_000001074,2024-09-19 22:16:18,TDB_CUST_5214938,TSLA,BUY,1,638.02
TDB_000001075,2024-09-19 22:16:18,TDB_CUST_5214938,TSLA,BUY,1,638.02
TDB_000001076,2024-09-19 22:16:18,TDB_CUST_5214938,TSLA,BUY,1,638.02
TDB_000001077,2024-09-19 22:16:18,TDB_CUST_5214938,TSLA,BUY,1,638.02
TDB_000001078,2024-09-19 22:16:18,TDB_CUST_5214938,TSLA,BUY,1,638.02
TDB_000001079,2024-09-19 22:16:18,TDB_CUST_5214938,TSLA,BUY,1,638.02
TDB_000001080,2024-09-19 22:16:18,TDB_CUST_5214938,TSLA,BUY,1,638.02
TDB_000001081,2024-09-19 22:16:18,TDB_CUST_5214938,TSLA,BUY,1,638.02
TDB_000001082,2024-09-19 22:16:18,TDB_CUST_5214938,TSLA,BUY,1,638.02
TDB_000001083,2024-09-19 22:16:18,TDB_CUST_5214938,TSLA,BUY,1,638.02
TDB_000001084,2024-09-19 22:16:18,TDB_CUST_5214938,TSLA,BUY,1,638.02
TDB_000001085,2024-09-19 22:16:18,TDB_CUST_5214938,TSLA,BUY,1,638.02
TDB_000001086,2024-09-19 22:16:18,TDB_CUST_5214938,TSLA,BUY,1,638.02
TDB_000001087,2024-09-19 22:16:18,TDB_CUST_5214938,TSLA,BUY,1,638.02
TDB_000001088,2024-09-19 22:16:18,TDB_CUST_5214938,TSLA,BUY,1,638.02
TDB_000001089,2024-09-19 22:16:18,TDB_CUST_5214938,TSLA,BUY,1,638.02
TDB_000001090,2024-09-19 22:16:18,TDB_CUST_5214938,TSLA,BUY,1,638.02
TDB_000001091,2024-09-19 22:16:18,TDB_CUST_5214938,TSLA,BUY,1,638.02
TDB_000001092,2024-09-19 22:16:18,TDB_CUST_5214938,TSLA,BUY,1,638.02
TDB_000001093,2024-09-19 22:16:18,TDB_CUST_5214938,TSLA,BUY,1,638.02
TDB_000001094,2024-09-19 22:16:18,TDB_CUST_5214938,TSLA,BUY,1,638.02
TDB_000001095,2024-09-19 22:16:18,TDB_CUST_5214938,TSLA,BUY,1,638.02
TDB_000001096,2024-09-19 22:16:18,TDB_CUST_5214938,TSLA,BUY,1,638.02
TDB_000001097,2024-09-19 22:16:18,TDB_CUST_5214938,TSLA,BUY,1,638.02
TDB_000001098,2024-09-19 22:16:18,TDB_CUST_5214938,TSLA,BUY,1,638.02
TDB_000001099,2024-09-19 22:16:18,TDB_CUST_5214938,TSLA,BUY,1,638.02
TDB_000001100,2024-09-19 22:16:18,TDB_CUST_5214938,TSLA,BUY,1,638.02
TDB_000001101,2024-09-19 22:16:18,TDB_CUST_5214938,TSLA,BUY,1,638.02
TDB_000001102,2024-09-19 22:16:18,TDB_CUST_5214938,TSLA,BUY,1,638.02
TDB_000001103,2024-09-19 22:16:18,TDB_CUST_5214938,TSLA,BUY,1,638.02
TDB_000001104,2024-09-19 22:16:18,TDB_CUST_5214938,TSLA,BUY,1,638.02
TDB_000001105,2024-09-19 22:16:18,TDB_CUST_5214938,TSLA,BUY,1,638.02
TDB_000001106,2024-09-19 22:16:18,TDB_CUST_5214938,TSLA,BUY,1,638.02
TDB_000001107,2024-09-19 22:16:18,TDB_CUST_5214938,TSLA,BUY,1,638.02
TDB_000001108,2024-09-19 22:16:18,TDB_CUST_5214938,TSLA,BUY,1,638.02
TDB_000001109,2024-09-19 22:16:18,TDB_CUST_5214938,TSLA,BUY,1,638.02
TDB_000001110,2024-09-19 22:16:18,TDB_CUST_5214938,TSLA,BUY,1,638.02
TDB_000001111,2024-09-19 22:16:18,TDB_CUST_5214938,TSLA,BUY,1,638.02
TDB_000001112,2024-09-19 22:16:18,TDB_CUST_5214938,TSLA,BUY,1,638.02
TDB_000001113,2024-09-19 22:16:18,TDB_CUST_5214938,TSLA,BUY,1,638.02
TDB_000001114,2024-09-19 22:16:18,TDB_CUST_5214938,TSLA,BUY,1,638.02
TDB_000001115,2024-09-19 22:16:18,TDB_CUST_5214938,TSLA,BUY,1,638.02
TDB_000001116,2024-09-19 22:16:18,TDB_CUST_5214938,TSLA,BUY,1,638.02
TDB_000001117,2024-09-19 22:16:18,TDB_CUST_5214938,TSLA,BUY,1,638.02
TDB_000001118,2024-09-19 22:16:18,TDB_CUST_5214938,TSLA,BUY,1,638.02
TDB_000001119,2024-09-19 22:16:18,TDB_CUST_5214938,TSLA,BUY,1,638.02
TDB_000001120,2024-09-19 22:16:18,TDB_CUST_5214938,TSLA,BUY,1,638.02
TDB_000001121,2024-09-19 22:16:18,TDB_CUST_5214938,TSLA,BUY,1,638.02
TDB_000001122,2024-09-19 22:16:18,TDB_CUST_5214938,TSLA,BUY,1,638.02
TDB_000001123,2024-09-19 22:16:18,TDB_CUST_5214938,TSLA,BUY,1,638.02
TDB_000001124,2024-09-19 22:16:18,TDB_CUST_5214938,TSLA,BUY,1,638.02
TDB_000001125,2024-09-19 22:16:18,TDB_CUST_5214938,TSLA,BUY,1,638.02
TDB_000001126,2024-09-19 22:16:18,TDB_CUST_5214938,TSLA,BUY,1,638.02
TDB_000001127,2024-09-19 22:16:18,TDB_CUST_5214938,TSLA,BUY,1,638.02
TDB_000001128,2024-09-19 22:16:18,TDB_CUST_5214938,TSLA,BUY,1,638.02
TDB_000001129,2024-09-19 22:16:18,TDB_CUST_5214938,TSLA,BUY,1,638.02
TDB_000001130,2024-09-19 22:16:18,TDB_CUST_5214938,TSLA,BUY,1,638.02
TDB_000001131,2024-09-19 22:16:18,TDB_CUST_5214938,TSLA,BUY,1,638.02
TDB_000001132,2024-09-19 22:16:18,TDB_CUST_5214938,TSLA,BUY,1,638.02
TDB_000001133,2024-09-19 22:16:18,TDB_CUST_5214938,TSLA,BUY,1,638.02
TDB_000001134,2024-09-19 22:16:18,TDB_CUST_5214938,TSLA,BUY,1,638.02
TDB_000001135,2024-09-19 22:16:18,TDB_CUST_5214938,TSLA,BUY,1,638.02
TDB_000001136,2024-09-19 22:16:18,TDB_CUST_5214938,TSLA,BUY,1,638.02
TDB_000001137,2024-09-19 22:16:18,TDB_CUST_5214938,TSLA,BUY,1,638.02
TDB_000001138,2024-09-19 22:16:18,TDB_CUST_5214938,TSLA,BUY,1,638.02
TDB_000001139,2024-09-19 22:16:18,TDB_CUST_5214938,TSLA,BUY,1,638.02
TDB_000001140,2024-09-19 22:16:18,TDB_CUST_5214938,TSLA,BUY,1,638.02
TDB_000001141,2024-09-19 22:16:18,TDB_CUST_5214938,TSLA,BUY,1,638.02
TDB_000001142,2024-09-19 22:16:18,TDB_CUST_5214938,TSLA,BUY,1,638.02
TDB_000001143,2024-09-19 22:16:18,TDB_CUST_5214938,TSLA,BUY,1,638.02
TDB_000001144,2024-09-19 22:16:18,TDB_CUST_5214938,TSLA,BUY,1,638.02
TDB_000001145,2024-09-19 22:16:18,TDB_CUST_5214938,TSLA,BUY,1,638.02
TDB_000001146,2024-09-19 22:16:18,TDB_CUST_5214938,TSLA,BUY,1,638.02
TDB_000001147,2024-09-19 22:16:18,TDB_CUST_5214938,TSLA,BUY,1,638.02
TDB_000001148,2024-09-19 22:16:18,TDB_CUST_5214938,TSLA,BUY,1,638.02
TDB_000001149,2024-09-19 22:16:18,TDB_CUST_5214938,TSLA,BUY,1,638.02
TDB_000001150,2024-09-19 22:16:18,TDB_CUST_5214938,TSLA,BUY,1,638.02
TDB_000001151,2024-09-19 22:16:18,TDB_CUST_5214938,TSLA,BUY,1,638.02
TDB_000001152,2024-09-19 22:16:18,TDB_CUST_5214938,TSLA,BUY,1,638.02
TDB_000001153,2024-09-19 22:16:18,TDB_CUST_5214938,TSLA,BUY,1,638.02
TDB_000001154,2024-09-19 22:16:18,TDB_CUST_5214938,TSLA,BUY,1,638.02
TDB_000001155,2024-09-19 22:16:18,TDB_CUST_5214938,TSLA,BUY,1,638.02
TDB_000001156,2024-09-19 22:16:18,TDB_CUST_5214938,TSLA,BUY,1,638.02
TDB_000001157,2024-09-19 22:16:18,TDB_CUST_5214938,TSLA,BUY,1,638.02
TDB_000001158,2024-09-19 22:16:18,TDB_CUST_5214938,TSLA,BUY,1,638.02
TDB_000001159,2024-09-19 22:16:18,TDB_CUST_5214938,TSLA,BUY,1,638.02
TDB_000001160,2024-09-19 22:16:18,TDB_CUST_5214938,TSLA,BUY,1,638.02
TDB_000001161,2024-09-19 22:16:18,TDB_CUST_5214938,TSLA,BUY,1,638.02
TDB_000001162,2024-09-19 22:16:18,TDB_CUST_5214938,TSLA,BUY,1,638.02
TDB_000001163,2024-09-19 22:16:18,TDB_CUST_5214938,TSLA,BUY,1,638.02
TDB_000001164,2024-09-19 22:16:18,TDB_CUST_5214938,TSLA,BUY,1,638.02
TDB_000001165,2024-09-19 22:16:18,TDB_CUST_5214938,TSLA,BUY,1,638.02
TDB_000001166,2024-09-19 22:16:18,TDB_CUST_5214938,TSLA,BUY,1,638.02
TDB_000001167,2024-09-19 22:16:18,TDB_CUST_5214938,TSLA,BUY,1,638.02
TDB_000001168,2024-09-19 22:16:18,TDB_CUST_5214938,TSLA,BUY,1,638.02
TDB_000001169,2024-09-19 22:16:18,TDB_CUST_5214938,TSLA,BUY,1,638.02
TDB_000001170,2024-09-19 22:16:18,TDB_CUST_5214938,TSLA,BUY,1,638.02
TDB_000001171,2024-09-19 22:16:18,TDB_CUST_5214938,TSLA,BUY,1,638.02
TDB_000001172,2024-09-19 22:16:18,TDB_CUST_5214938,TSLA,BUY,1,638.02
TDB_000001173,2024-09-19 22:16:18,TDB_CUST_5214938,TSLA,BUY,1,638.02
TDB_000001174,2024-09-19 22:16:18,TDB_CUST_5214938,TSLA,BUY,1,638.02
TDB_000001175,2024-09-19 22:16:18,TDB_CUST_5214938,TSLA,BUY,1,638.02
TDB_000001176,2024-09-19 22:16:18,TDB_CUST_5214938,TSLA,BUY,1,638.02
TDB_000001177,2024-09-19 22:16:18,TDB_CUST_5214938,TSLA,BUY,1,638.02
TDB_000001178,2024-09-19 22:16:18,TDB_CUST_5214938,TSLA,BUY,1,638.02
TDB_000001179,2024-09-19 22:16:18,TDB_CUST_5214938,TSLA,BUY,1,638.02
TDB_000001180,2024-09-19 22:16:18,TDB_CUST_5214938,TSLA,BUY,1,638.02
TDB_000001181,2024-09-19 22:16:18,TDB_CUST_5214938,TSLA,BUY,1,638.02
TDB_000001182,2024-09-19 22:16:18,TDB_CUST_5214938,TSLA,BUY,1,638.02
TDB_000001183,2024-09-19 22:16:18,TDB_CUST_5214938,TSLA,BUY,1,638.02
TDB_000001184,2024-09-19 22:16:18,TDB_CUST_5214938,TSLA,BUY,1,638.02
TDB_000001185,2024-09-19 22:16:18,TDB_CUST_5214938,TSLA,BUY,1,638.02
TDB_000001186,2024-09-19 22:16:18,TDB_CUST_5214938,TSLA,BUY,1,638.02
TDB_000001187,2024-09-19 22:16:18,TDB_CUST_5214938,TSLA,BUY,1,638.02
TDB_000001188,2024-09-19 22:16:18,TDB_CUST_5214938,TSLA,BUY,1,638.02
TDB_000001189,2024-09-19 22:16:18,TDB_CUST_5214938,TSLA,BUY,1,638.02
TDB_000001190,2024-09-19 22:16:18,TDB_CUST_5214938,TSLA,BUY,1,638.02
TDB_000001191,2024-09-19 22:16:18,TDB_CUST_5214938,TSLA,BUY,1,638.02
TDB_000001192,2024-09-19 22:16:18,TDB_CUST_5214938,TSLA,BUY,1,638.02
TDB_000001193,2024-09-19 22:16:18,TDB_CUST_5214938,TSLA,BUY,1,638.02
TDB_000001194,2024-09-19 22:16:18,TDB_CUST_5214938,TSLA,BUY,1,638.02
TDB_000001195,2024-09-19 22:16:18,TDB_CUST_5214938,TSLA,BUY,1,638.02
TDB_000001196,2024-09-19 22:16:18,TDB_CUST_5214938,TSLA,BUY,1,638.02
TDB_000001197,2024-09-19 22:16:18,TDB_CUST_5214938,TSLA,BUY,1,638.02
TDB_000001198,2024-09-19 22:16:18,TDB_CUST_5214938,TSLA,BUY,1,638.02
TDB_000001199,2024-09-19 22:16:18,TDB_CUST_5214938,TSLA,BUY,1,638.02
TDB_000001200,2024-09-19 22:16:18,TDB_CUST_5214938,TSLA,BUY,1,638.02
TDB_000001201,2024-09-19 22:16:18,TDB_CUST_5214938,TSLA,BUY,1,638.02
TDB_000001202,2024-09-19 22:16:18,TDB_CUST_5214938,TSLA,BUY,1,638.02
TDB_000001203,2024-09-19 22:16:18,TDB_CUST_5214938,TSLA,BUY,1,638.02
TDB_000001204,2024-09-19 22:16:18,TDB_CUST_5214938,TSLA,BUY,1,638.02
TDB_000001205,2024-09-19 22:16:18,TDB_CUST_5214938,TSLA,BUY,1,638.02
TDB_000001206,2024-09-19 22:16:18,TDB_CUST_5214938,TSLA,BUY,1,638.02
TDB_000001207,2024-09-19 22:16:18,TDB_CUST_5214938,TSLA,BUY,1,638.02
TDB_000001208,2024-09-19 22:16:18,TDB_CUST_5214938,TSLA,BUY,1,638.02
TDB_000001209,2024-09-19 22:16:18,TDB_CUST_5214938,TSLA,BUY,1,638.02
TDB_000001210,2024-09-19 22:16:18,TDB_CUST_5214938,TSLA,BUY,1,638.02
TDB_000001211,2024-09-19 22:16:18,TDB_CUST_5214938,TSLA,BUY,1,638.02
TDB_000001212,2024-09-19 22:16:18,TDB_CUST_5214938,TSLA,BUY,1,638.02
TDB_000001213,2024-09-19 22:16:18,TDB_CUST_5214938,TSLA,BUY,1,638.02
TDB_000001214,2024-09-19 22:16:18,TDB_CUST_5214938,TSLA,BUY,1,638.02
TDB_000001215,2024-09-19 22:16:18,TDB_CUST_5214938,TSLA,BUY,1,638.02
TDB_000001216,2024-09-19 22:16:18,TDB_CUST_5214938,TSLA,BUY,1,638.02
TDB_000001217,2024-09-19 22:16:18,TDB_CUST_5214938,TSLA,BUY,1,638.02
TDB_000001218,2024-09-19 22:16:18,TDB_CUST_5214938,TSLA,BUY,1,638.02
TDB_000001219,2024-09-19 22:16:18,TDB_CUST_5214938,TSLA,BUY,1,638.02
TDB_000001220,2024-09-19 22:16:18,TDB_CUST_5214938,TSLA,BUY,1,638.02
TDB_000001221,2024-09-19 22:16:18,TDB_CUST_5214938,TSLA,BUY,1,638.02
TDB_000001222,2024-09-19 22:16:18,TDB_CUST_5214938,TSLA,BUY,1,638.02
TDB_000001223,2024-09-19 22:16:18,TDB_CUST_5214938,TSLA,BUY,1,638.02
TDB_000001224,2024-09-19 22:16:18,TDB_CUST_5214938,TSLA,BUY,1,638.02
TDB_000001225,2024-09-19 22:16:18,TDB_CUST_5214938,TSLA,BUY,1,638.02
TDB_000001226,2024-09-19 22:16:18,TDB_CUST_5214938,TSLA,BUY,1,638.02
TDB_000001227,2024-09-19 22:16:18,TDB_CUST_5214938,TSLA,BUY,1,638.02
TDB_000001228,2024-09-19 22:16:18,TDB_CUST_5214938,TSLA,BUY,1,638.02
TDB_000001229,2024-09-19 22:16:18,TDB_CUST_5214938,TSLA,BUY,1,638.02
TDB_000001230,2024-09-19 22:16:18,TDB_CUST_5214938,TSLA,BUY,1,638.02
TDB_000001231,2024-09-19 22:16:18,TDB_CUST_5214938,TSLA,BUY,1,638.02
TDB_000001232,2024-09-19 22:16:18,TDB_CUST_5214938,TSLA,BUY,1,638.02
TDB_000001233,2024-09-19 22:16:18,TDB_CUST_5214938,TSLA,BUY,1,638.02
TDB_000001234,2024-09-19 22:16:18,TDB_CUST_5214938,TSLA,BUY,1,638.02
TDB_000001235,2024-09-19 22:16:18,TDB_CUST_5214938,TSLA,BUY,1,638.02
TDB_000001236,2024-09-19 22:16:18,TDB_CUST_5214938,TSLA,BUY,1,638.02
TDB_000001237,2024-09-19 22:16:18,TDB_CUST_5214938,TSLA,BUY,1,638.02
TDB_000001238,2024-09-19 22:16:18,TDB_CUST_5214938,TSLA,BUY,1,638.02
TDB_000001239,2024-09-19 22:16:18,TDB_CUST_5214938,TSLA,BUY,1,638.02
TDB_000001240,2024-09-19 22:16:18,TDB_CUST_5214938,TSLA,BUY,1,638.02
TDB_000001241,2024-09-19 22:16:18,TDB_CUST_5214938,TSLA,BUY,1,638.02
TDB_000001242,2024-09-19 22:16:18,TDB_CUST_5214938,TSLA,BUY,1,638.02
TDB_000001243,2024-09-19 22:16:18,TDB_CUST_5214938,TSLA,BUY,1,638.02
TDB_000001244,2024-09-19 22:16:18,TDB_CUST_5214938,TSLA,BUY,1,638.02
TDB_000001245,2024-09-19 22:16:18,TDB_CUST_5214938,TSLA,BUY,1,638.02
TDB_000001246,2024-09-19 22:16:18,TDB_CUST_5214938,TSLA,BUY,1,638.02
TDB_000001247,2024-09-19 22:16:18,TDB_CUST_5214938,TSLA,BUY,1,638.02
TDB_000001248,2024-09-19 22:16:18,TDB_CUST_5214938,TSLA,BUY,1,638.02
TDB_000001249,2024-09-19 22:16:18,TDB_CUST_5214938,TSLA,BUY,1,638.02
TDB_000001250,2024-09-19 22:16:18,TDB_CUST_5214938,TSLA,BUY,1,638.02
TDB_000001251,2024-09-19 22:16:18,TDB_CUST_5214938,TSLA,BUY,1,638.02
TDB_000001252,2024-09-19 22:16:18,TDB_CUST_5214938,TSLA,BUY,1,638.02
TDB_000001253,2024-09-19 22:16:18,TDB_CUST_5214938,TSLA,BUY,1,638.02
TDB_000001254,2024-09-19 22:16:18,TDB_CUST_5214938,TSLA,BUY,1,638.02
TDB_000001255,2024-09-19 22:16:18,TDB_CUST_5214938,TSLA,BUY,1,638.02
TDB_000001256,2024-09-19 22:16:18,TDB_CUST_5214938,TSLA,BUY,1,638.02
TDB_000001257,2024-09-19 22:16:18,TDB_CUST_5214938,TSLA,BUY,1,638.02
TDB_000001258,2024-09-19 22:16:18,TDB_CUST_5214938,TSLA,BUY,1,638.02
TDB_000001259,2024-09-19 22:16:18,TDB_CUST_5214938,TSLA,BUY,1,638.02
TDB_000001260,2024-09-19 22:16:18,TDB_CUST_5214938,TSLA,BUY,1,638.02
TDB_000001261,2024-09-19 22:16:18,TDB_CUST_5214938,TSLA,BUY,1,638.02
TDB_000001262,2024-09-19 22:16:18,TDB_CUST_5214938,TSLA,BUY,1,638.02
TDB_000001263,2024-09-19 22:16:18,TDB_CUST_5214938,TSLA,BUY,1,638.02
TDB_000001264,2024-09-19 22:16:18,TDB_CUST_5214938,TSLA,BUY,1,638.02
TDB_000001265,2024-09-19 22:16:18,TDB_CUST_5214938,TSLA,BUY,1,638.02
TDB_000001266,2024-09-19 22:16:18,TDB_CUST_5214938,TSLA,BUY,1,638.02
TDB_000001267,2024-09-19 22:16:18,TDB_CUST_5214938,TSLA,BUY,1,638.02
TDB_000001268,2024-09-19 22:16:18,TDB_CUST_5214938,TSLA,BUY,1,638.02
TDB_000001269,2024-09-19 22:16:18,TDB_CUST_5214938,TSLA,BUY,1,638.02
TDB_000001270,2024-09-19 22:16:18,TDB_CUST_5214938,TSLA,BUY,1,638.02
TDB_000001271,2024-09-19 22:16:18,TDB_CUST_5214938,TSLA,BUY,1,638.02
TDB_000001272,2024-09-19 22:16:18,TDB_CUST_5214938,TSLA,BUY,1,638.02
TDB_000001273,2024-09-19 22:16:18,TDB_CUST_5214938,TSLA,BUY,1,638.02
TDB_000001274,2024-09-19 22:16:18,TDB_CUST_5214938,TSLA,BUY,1,638.02
TDB_000001275,2024-09-19 22:16:18,TDB_CUST_5214938,TSLA,BUY,1,638.02
TDB_000001276,2024-09-19 22:16:18,TDB_CUST_5214938,TSLA,BUY,1,638.02
TDB_000001277,2024-09-19 22:16:18,TDB_CUST_5214938,TSLA,BUY,1,638.02
TDB_000001278,2024-09-19 22:16:18,TDB_CUST_5214938,TSLA,BUY,1,638.02
TDB_000001279,2024-09-19 22:16:18,TDB_CUST_5214938,TSLA,BUY,1,638.02
TDB_000001280,2024-09-19 22:16:18,TDB_CUST_5214938,TSLA,BUY,1,638.02
TDB_000001281,2024-09-19 22:16:18,TDB_CUST_5214938,TSLA,BUY,1,638.02
TDB_000001282,2024-09-19 22:16:18,TDB_CUST_5214938,TSLA,BUY,1,638.02
TDB_000001283,2024-09-19 22:16:18,TDB_CUST_5214938,TSLA,BUY,1,638.02
TDB_000001284,2024-09-19 22:16:18,TDB_CUST_5214938,TSLA,BUY,1,638.02
TDB_000001285,2024-09-19 22:16:18,TDB_CUST_5214938,TSLA,BUY,1,638.02
TDB_000001286,2024-09-19 22:16:18,TDB_CUST_5214938,TSLA,BUY,1,638.02
TDB_000001287,2024-09-19 22:16:18,TDB_CUST_5214938,TSLA,BUY,1,638.02
TDB_000001288,2024-09-19 22:16:18,TDB_CUST_5214938,TSLA,BUY,1,638.02
TDB_000001289,2024-09-19 22:16:18,TDB_CUST_5214938,TSLA,BUY,1,638.02
TDB_000001290,2024-09-19 22:16:18,TDB_CUST_5214938,TSLA,BUY,1,638.02
TDB_000001291,2024-09-19 22:16:18,TDB_CUST_5214938,TSLA,BUY,1,638.02
TDB_000001292,2024-09-19 22:16:18,TDB_CUST_5214938,TSLA,BUY,1,638.02
TDB_000001293,2024-09-19 22:16:18,TDB_CUST_5214938,TSLA,BUY,1,638.02
TDB_000001294,2024-09-19 22:16:18,TDB_CUST_5214938,TSLA,BUY,1,638.02
TDB_000001295,2024-09-19 22:16:18,TDB_CUST_5214938,TSLA,BUY,1,638.02
TDB_000001296,2024-09-19 22:16:18,TDB_CUST_5214938,TSLA,BUY,1,638.02
TDB_000001297,2024-09-19 22:16:18,TDB_CUST_5214938,TSLA,BUY,1,638.02
TDB_000001298,2024-09-19 22:16:18,TDB_CUST_5214938,TSLA,BUY,1,638.02
TDB_000001299,2024-09-19 22:16:18,TDB_CUST_5214938,TSLA,BUY,1,638.02
TDB_000001300,2024-09-19 22:16:18,TDB_CUST_5214938,TSLA,BUY,1,638.02
TDB_000001301,2024-09-19 22:16:18,TDB_CUST_5214938,TSLA,BUY,1,638.02
TDB_000001302,2024-09-19 22:16:18,TDB_CUST_5214938,TSLA,BUY,1,638.02
TDB_000001303,2024-09-19 22:16:18,TDB_CUST_5214938,TSLA,BUY,1,638.02
TDB_000001304,2024-09-19 22:16:18,TDB_CUST_5214938,TSLA,BUY,1,638.02
TDB_000001305,2024-09-19 22:16:18,TDB_CUST_5214938,TSLA,BUY,1,638.02
TDB_000001306,2024-09-19 22:16:18,TDB_CUST_5214938,TSLA,BUY,1,638.02
TDB_000001307,2024-09-19 22:16:18,TDB_CUST_5214938,TSLA,BUY,1,638.02
TDB_000001308,2024-09-19 22:16:18,TDB_CUST_5214938,TSLA,BUY,1,638.02
TDB_000001309,2024-09-19 22:16:18,TDB_CUST_5214938,TSLA,BUY,1,638.02
TDB_000001310,2024-09-19 22:16:18,TDB_CUST_5214938,TSLA,BUY,1,638.02
TDB_000001311,2024-09-19 22:16:18,TDB_CUST_5214938,TSLA,BUY,1,638.02
TDB_000001312,2024-09-19 22:16:18,TDB_CUST_5214938,TSLA,BUY,1,638.02
TDB_000001313,2024-09-19 22:16:18,TDB_CUST_5214938,TSLA,BUY,1,638.02
TDB_000001314,2024-09-19 22:16:18,TDB_CUST_5214938,TSLA,BUY,1,638.02
TDB_000001315,2024-09-19 22:16:18,TDB_CUST_5214938,TSLA,BUY,1,638.02
TDB_000001316,2024-09-19 22:16:18,TDB_CUST_5214938,TSLA,BUY,1,638.02
TDB_000001317,2024-09-19 22:16:18,TDB_CUST_5214938,TSLA,BUY,1,638.02
TDB_000001318,2024-09-19 22:16:18,TDB_CUST_5214938,TSLA,BUY,1,638.02
TDB_000001319,2024-09-19 22:16:18,TDB_CUST_5214938,TSLA,BUY,1,638.02
TDB_000001320,2024-09-19 22:16:18,TDB_CUST_5214938,TSLA,BUY,1,638.02
TDB_000001321,2024-09-19 22:16:18,TDB_CUST_5214938,TSLA,BUY,1,638.02
TDB_000001322,2024-09-19 22:16:18,TDB_CUST_5214938,TSLA,BUY,1,638.02
TDB_000001323,2024-09-19 22:16:18,TDB_CUST_5214938,TSLA,BUY,1,638.02
TDB_000001324,2024-09-19 22:16:18,TDB_CUST_5214938,TSLA,BUY,1,638.02
TDB_000001325,2024-09-19 22:16:18,TDB_CUST_5214938,TSLA,BUY,1,638.02
TDB_000001326,2024-09-19 22:16:18,TDB_CUST_5214938,TSLA,BUY,1,638.02
TDB_000001327,2024-09-19 22:16:18,TDB_CUST_5214938,TSLA,BUY,1,638.02
TDB_000001328,2024-09-19 22:16:18,TDB_CUST_5214938,TSLA,BUY,1,638.02
TDB_000001329,2024-09-19 22:16:18,TDB_CUST_5214938,TSLA,BUY,1,638.02
TDB_000001330,2024-09-19 22:16:18,TDB_CUST_5214938,TSLA,BUY,1,638.02
TDB_000001331,2024-09-19 22:16:18,TDB_CUST_5214938,TSLA,BUY,1,638.02
TDB_000001332,2024-09-19 22:16:18,TDB_CUST_5214938,TSLA,BUY,1,638.02
TDB_000001333,2024-09-19 22:16:18,TDB_CUST_5214938,TSLA,BUY,1,638.02
TDB_000001334,2024-09-19 22:16:18,TDB_CUST_5214938,TSLA,BUY,1,638.02
TDB_000001335,2024-09-19 22:16:18,TDB_CUST_5214938,TSLA,BUY,1,638.02
TDB_000001336,2024-09-19 22:16:18,TDB_CUST_5214938,TSLA,BUY,1,638.02
TDB_000001337,2024-09-19 22:16:18,TDB_CUST_5214938,TSLA,BUY,1,638.02
TDB_000001338,2024-09-19 22:16:18,TDB_CUST_5214938,TSLA,BUY,1,638.02
TDB_000001339,2024-09-19 22:16:18,TDB_CUST_5214938,TSLA,BUY,1,638.02
TDB_000001340,2024-09-19 22:16:18,TDB_CUST_5214938,TSLA,BUY,1,638.02
TDB_000001341,2024-09-19 22:16:18,TDB_CUST_5214938,TSLA,BUY,1,638.02
TDB_000001342,2024-09-19 22:16:18,TDB_CUST_5214938,TSLA,BUY,1,638.02
TDB_000001343,2024-09-19 22:16:18,TDB_CUST_5214938,TSLA,BUY,1,638.02
TDB_000001344,2024-09-19 22:16:18,TDB_CUST_5214938,TSLA,BUY,1,638.02
TDB_000001345,2024-09-19 22:16:18,TDB_CUST_5214938,TSLA,BUY,1,638.02
TDB_000001346,2024-09-19 22:16:18,TDB_CUST_5214938,TSLA,BUY,1,638.02
TDB_000001347,2024-09-19 22:16:18,TDB_CUST_5214938,TSLA,BUY,1,638.02
TDB_000001348,2024-09-19 22:16:18,TDB_CUST_5214938,TSLA,BUY,1,638.02
TDB_000001349,2024-09-19 22:16:18,TDB_CUST_5214938,TSLA,BUY,1,638.02
TDB_000001350,2024-09-19 22:16:18,TDB_CUST_5214938,TSLA,BUY,1,638.02
TDB_000001351,2024-09-19 22:16:18,TDB_CUST_5214938,TSLA,BUY,1,638.02
TDB_000001352,2024-09-19 22:16:18,TDB_CUST_5214938,TSLA,BUY,1,638.02
TDB_000001353,2024-09-19 22:16:18,TDB_CUST_5214938,TSLA,BUY,1,638.02
TDB_000001354,2024-09-19 22:16:18,TDB_CUST_5214938,TSLA,BUY,1,638.02
TDB_000001355,2024-09-19 22:16:18,TDB_CUST_5214938,TSLA,BUY,1,638.02
TDB_000001356,2024-09-19 22:16:18,TDB_CUST_5214938,TSLA,BUY,1,638.02
TDB_000001357,2024-09-19 22:16:18,TDB_CUST_5214938,TSLA,BUY,1,638.02
TDB_000001358,2024-09-19 22:16:18,TDB_CUST_5214938,TSLA,BUY,1,638.02
TDB_000001359,2024-09-19 22:16:18,TDB_CUST_5214938,TSLA,BUY,1,638.02
TDB_000001360,2024-09-19 22:16:18,TDB_CUST_5214938,TSLA,BUY,1,638.02
TDB_000001361,2024-09-19 22:16:18,TDB_CUST_5214938,TSLA,BUY,1,638.02
TDB_000001362,2024-09-19 22:16:18,TDB_CUST_5214938,TSLA,BUY,1,638.02
TDB_000001363,2024-09-19 22:16:18,TDB_CUST_5214938,TSLA,BUY,1,638.02
TDB_000001364,2024-09-19 22:16:18,TDB_CUST_5214938,TSLA,BUY,1,638.02
TDB_000001365,2024-09-19 22:16:18,TDB_CUST_5214938,TSLA,BUY,1,638.02
TDB_000001366,2024-09-19 22:16:18,TDB_CUST_5214938,TSLA,BUY,1,638.02
TDB_000001367,2024-09-19 22:16:18,TDB_CUST_5214938,TSLA,BUY,1,638.02
TDB_000001368,2024-09-19 22:16:18,TDB_CUST_5214938,TSLA,BUY,1,638.02
TDB_000001369,2024-09-19 22:16:18,TDB_CUST_5214938,TSLA,BUY,1,638.02
TDB_000001370,2024-09-19 22:16:18,TDB_CUST_5214938,TSLA,BUY,1,638.02
TDB_000001371,2024-09-19 22:16:18,TDB_CUST_5214938,TSLA,BUY,1,638.02
TDB_000001372,2024-09-19 22:16:18,TDB_CUST_5214938,TSLA,BUY,1,638.02
TDB_000001373,2024-09-19 22:16:18,TDB_CUST_5214938,TSLA,BUY,1,638.02
TDB_000001374,2024-09-19 22:16:18,TDB_CUST_5214938,TSLA,BUY,1,638.02
TDB_000001375,2024-09-19 22:16:18,TDB_CUST_5214938,TSLA,BUY,1,638.02
TDB_000001376,2024-09-19 22:16:18,TDB_CUST_5214938,TSLA,BUY,1,638.02
TDB_000001377,2024-09-19 22:16:18,TDB_CUST_5214938,TSLA,BUY,1,638.02
TDB_000001378,2024-09-19 22:16:18,TDB_CUST_5214938,TSLA,BUY,1,638.02
TDB_000001379,2024-09-19 22:16:18,TDB_CUST_5214938,TSLA,BUY,1,638.02
TDB_000001380,2024-09-19 22:16:18,TDB_CUST_5214938,TSLA,BUY,1,638.02
TDB_000001381,2024-09-19 22:16:18,TDB_CUST_5214938,TSLA,BUY,1,638.02
TDB_000001382,2024-09-19 22:16:18,TDB_CUST_5214938,TSLA,BUY,1,638.02
TDB_000001383,2024-09-19 22:16:18,TDB_CUST_5214938,TSLA,BUY,1,638.02
TDB_000001384,2024-09-19 22:16:18,TDB_CUST_5214938,TSLA,BUY,1,638.02
TDB_000001385,2024-09-19 22:16:18,TDB_CUST_5214938,TSLA,BUY,1,638.02
TDB_000001386,2024-09-19 22:16:18,TDB_CUST_5214938,TSLA,BUY,1,638.02
TDB_000001387,2024-09-19 22:16:18,TDB_CUST_5214938,TSLA,BUY,1,638.02
TDB_000001388,2024-09-19 22:16:18,TDB_CUST_5214938,TSLA,BUY,1,638.02
TDB_000001389,2024-09-19 22:16:18,TDB_CUST_5214938,TSLA,BUY,1,638.02
TDB_000001390,2024-09-19 22:16:18,TDB_CUST_5214938,TSLA,BUY,1,638.02
TDB_000001391,2024-09-19 22:16:18,TDB_CUST_5214938,TSLA,BUY,1,638.02
TDB_000001392,2024-09-19 22:16:18,TDB_CUST_5214938,TSLA,BUY,1,638.02
TDB_000001393,2024-09-19 22:16:18,TDB_CUST_5214938,TSLA,BUY,1,638.02
TDB_000001394,2024-09-19 22:16:18,TDB_CUST_5214938,TSLA,BUY,1,638.02
TDB_000001395,2024-09-19 22:16:18,TDB_CUST_5214938,TSLA,BUY,1,638.02
TDB_000001396,2024-09-19 22:16:18,TDB_CUST_5214938,TSLA,BUY,1,638.02
TDB_000001397,2024-09-19 22:16:18,TDB_CUST_5214938,TSLA,BUY,1,638.02
TDB_000001398,2024-09-19 22:16:18,TDB_CUST_5214938,TSLA,BUY,1,638.02
TDB_000001399,2024-09-19 22:16:18,TDB_CUST_5214938,TSLA,BUY,1,638.02
TDB_000001400,2024-09-19 22:16:18,TDB_CUST_5214938,TSLA,BUY,1,638.02
TDB_000001401,2024-09-19 22:16:18,TDB_CUST_5214938,TSLA,BUY,1,638.02
TDB_000001402,2024-09-19 22:16:18,TDB_CUST_5214938,TSLA,BUY,1,638.02
TDB_000001403,2024-09-19 22:16:18,TDB_CUST_5214938,TSLA,BUY,1,638.02
TDB_000001404,2024-09-19 22:16:18,TDB_CUST_5214938,TSLA,BUY,1,638.02
TDB_000001405,2024-09-19 22:16:18,TDB_CUST_5214938,TSLA,BUY,1,638.02
TDB_000001406,2024-09-19 22:16:18,TDB_CUST_5214938,TSLA,BUY,1,638.02
TDB_000001407,2024-09-19 22:16:18,TDB_CUST_5214938,TSLA,BUY,1,638.02
TDB_000001408,2024-09-19 22:16:18,TDB_CUST_5214938,TSLA,BUY,1,638.02
TDB_000001409,2024-09-19 22:16:18,TDB_CUST_5214938,TSLA,BUY,1,638.02
TDB_000001410,2024-09-19 22:16:18,TDB_CUST_5214938,TSLA,BUY,1,638.02
TDB_000001411,2024-09-19 22:16:18,TDB_CUST_5214938,TSLA,BUY,1,638.02
TDB_000001412,2024-09-19 22:16:18,TDB_CUST_5214938,TSLA,BUY,1,638.02
TDB_000001413,2024-09-19 22:16:18,TDB_CUST_5214938,TSLA,BUY,1,638.02
TDB_000001414,2024-09-19 22:16:18,TDB_CUST_5214938,TSLA,BUY,1,638.02
TDB_000001415,2024-09-19 22:16:18,TDB_CUST_5214938,TSLA,BUY,1,638.02
TDB_000001416,2024-09-19 22:16:18,TDB_CUST_5214938,TSLA,BUY,1,638.02
TDB_000001417,2024-09-19 22:16:18,TDB_CUST_5214938,TSLA,BUY,1,638.02
TDB_000001418,2024-09-19 22:16:18,TDB_CUST_5214938,TSLA,BUY,1,638.02
TDB_000001419,2024-09-19 22:16:18,TDB_CUST_5214938,TSLA,BUY,1,638.02
TDB_000001420,2024-09-19 22:16:18,TDB_CUST_5214938,TSLA,BUY,1,638.02
TDB_000001421,2024-09-19 22:16:18,TDB_CUST_5214938,TSLA,BUY,1,638.02
TDB_000001422,2024-09-19 22:16:18,TDB_CUST_5214938,TSLA,BUY,1,638.02
TDB_000001423,2024-09-19 22:16:18,TDB_CUST_5214938,TSLA,BUY,1,638.02
TDB_000001424,2024-09-19 22:16:18,TDB_CUST_5214938,TSLA,BUY,1,638.02
TDB_000001425,2024-09-19 22:16:18,TDB_CUST_5214938,TSLA,BUY,1,638.02
TDB_000001426,2024-09-19 22:16:18,TDB_CUST_5214938,TSLA,BUY,1,638.02
TDB_000001427,2024-09-19 22:16:18,TDB_CUST_5214938,TSLA,BUY,1,638.02
TDB_000001428,2024-09-19 22:16:18,TDB_CUST_5214938,TSLA,BUY,1,638.02
TDB_000001429,2024-09-19 22:16:18,TDB_CUST_5214938,TSLA,BUY,1,638.02
TDB_000001430,2024-09-19 22:16:18,TDB_CUST_5214938,TSLA,BUY,1,638.02
TDB_000001431,2024-09-19 22:16:18,TDB_CUST_5214938,TSLA,BUY,1,638.02
TDB_000001432,2024-09-19 22:16:18,TDB_CUST_5214938,TSLA,BUY,1,638.02
TDB_000001433,2024-09-19 22:16:18,TDB_CUST_5214938,TSLA,BUY,1,638.02
TDB_000001434,2024-09-19 22:16:18,TDB_CUST_5214938,TSLA,BUY,1,638.02
TDB_000001435,2024-09-19 22:16:18,TDB_CUST_5214938,TSLA,BUY,1,638.02
TDB_000001436,2024-09-19 22:16:18,TDB_CUST_5214938,TSLA,BUY,1,638.02
TDB_000001437,2024-09-19 22:16:18,TDB_CUST_5214938,TSLA,BUY,1,638.02
TDB_000001438,2024-09-19 22:16:18,TDB_CUST_5214938,TSLA,BUY,1,638.02
TDB_000001439,2024-09-19 22:16:18,TDB_CUST_5214938,TSLA,BUY,1,638.02
TDB_000001440,2024-09-19 22:16:18,TDB_CUST_5214938,TSLA,BUY,1,638.02
TDB_000001441,2024-09-19 22:16:18,TDB_CUST_5214938,TSLA,BUY,1,638.02
TDB_000001442,2024-09-19 22:16:18,TDB_CUST_5214938,TSLA,BUY,1,638.02
TDB_000001443,2024-09-19 22:16:18,TDB_CUST_5214938,TSLA,BUY,1,638.02
TDB_000001444,2024-09-19 22:16:18,TDB_CUST_5214938,TSLA,BUY,1,638.02
TDB_000001445,2024-09-19 22:16:18,TDB_CUST_5214938,TSLA,BUY,1,638.02
TDB_000001446,2024-09-19 22:16:18,TDB_CUST_5214938,TSLA,BUY,1,638.02
TDB_000001447,2024-09-19 22:16:18,TDB_CUST_5214938,TSLA,BUY,1,638.02
TDB_000001448,2024-09-19 22:16:18,TDB_CUST_5214938,TSLA,BUY,1,638.02
TDB_000001449,2024-09-19 22:16:18,TDB_CUST_5214938,TSLA,BUY,1,638.02
TDB_000001450,2024-09-19 22:16:18,TDB_CUST_5214938,TSLA,BUY,1,638.02
TDB_000001451,2024-09-19 22:16:18,TDB_CUST_5214938,TSLA,BUY,1,638.02
TDB_000001452,2024-09-19 22:16:18,TDB_CUST_5214938,TSLA,BUY,1,638.02
TDB_000001453,2024-09-19 22:16:18,TDB_CUST_5214938,TSLA,BUY,1,638.02
TDB_000001454,2024-09-19 22:16:18,TDB_CUST_5214938,TSLA,BUY,1,638.02
TDB_000001455,2024-09-19 22:16:18,TDB_CUST_5214938,TSLA,BUY,1,638.02
TDB_000001456,2024-09-19 22:16:18,TDB_CUST_5214938,TSLA,BUY,1,638.02
TDB_000001457,2024-09-19 22:16:18,TDB_CUST_5214938,TSLA,BUY,1,638.02
TDB_000001458,2024-09-19 22:16:18,TDB_CUST_5214938,TSLA,BUY,1,638.02
TDB_000001459,2024-09-19 22:16:18,TDB_CUST_5214938,TSLA,BUY,1,638.02
TDB_000001460,2024-09-19 22:16:18,TDB_CUST_5214938,TSLA,BUY,1,638.02
TDB_000001461,2024-09-19 22:16:18,TDB_CUST_5214938,TSLA,BUY,1,638.02
TDB_000001462,2024-09-19 22:16:18,TDB_CUST_5214938,TSLA,BUY,1,638.02
TDB_000001463,2024-09-19 22:16:18,TDB_CUST_5214938,TSLA,BUY,1,638.02
TDB_000001464,2024-09-19 22:16:18,TDB_CUST_5214938,TSLA,BUY,1,638.02
TDB_000001465,2024-09-19 22:16:18,TDB_CUST_5214938,TSLA,BUY,1,638.02
