TDB_000008992,2024-09-19 22:16:18,TDB_CUST_5214938,TSLA,BUY,1,638.02
TDB_000008993,2024-09-19 22:16:18,TDB_CUST_5214938,TSLA,BUY,1,638.02
TDB_000008994,2024-09-19 22:16:18,TDB_CUST_5214938,TSLA,BUY,1,638.02
TDB_000008995,2024-09-19 22:16:18,TDB_CUST_5214938,TSLA,BUY,1,638.02
TDB_000008996,2024-09-19 22:16:18,TDB_CUST_5214938,TSLA,BUY,1,638.02
TDB_000008997,2024-09-19 22:16:18,TDB_CUST_5214938,TSLA,BUY,1,638.02
TDB_000008998,2024-09-19 22:16:18,TDB_CUST_5214938,TSLA,BUY,1,638.02
TDB_000008999,2024-09-19 22:16:18,TDB_CUST_5214938,TSLA,BUY,1,638.02
TDB_000009000,2024-09-19 22:16:18,TDB_CUST_5214938,TSLA,BUY,1,638.02
TDB_000009001,2024-09-19 22:16:18,TDB_CUST_5214938,TSLA,BUY,1,638.02
TDB_000009002,2024-09-19 22:16:18,TDB_CUST_5214938,TSLA,BUY,1,638.02
TDB_000009003,2024-09-19 22:16:18,TDB_CUST_5214938,TSLA,BUY,1,638.02
TDB_000009004,2024-09-19 22:16:18,TDB_CUST_5214938,TSLA,BUY,1,638.02
TDB_000009005,2024-09-19 22:16:18,TDB_CUST_5214938,TSLA,BUY,1,638.02
TDB_000009006,2024-09-19 22:16:18,TDB_CUST_5214938,TSLA,BUY,1,638.02
TDB_000009007,2024-09-19 22:16:18,TDB_CUST_5214938,TSLA,BUY,1,638.02
TDB_000009008,2024-09-19 22:16:18,TDB_CUST_5214938,TSLA,BUY,1,638.02
TDB_000009009,2024-09-19 22:16:18,TDB_CUST_5214938,TSLA,BUY,1,638.02
TDB_000009010,2024-09-19 22:16:18,TDB_CUST_5214938,TSLA,BUY,1,638.02
TDB_000009011,2024-09-19 22:16:18,TDB_CUST_5214938,TSLA,BUY,1,638.02
TDB_000009012,2024-09-19 22:16:18,TDB_CUST_5214938,TSLA,BUY,1,638.02
TDB_000009013,2024-09-19 22:16:18,TDB_CUST_5214938,TSLA,BUY,1,638.02
TDB_000009014,2024-09-19 22:16:18,TDB_CUST_5214938,TSLA,BUY,1,638.02
TDB_000009015,2024-09-19 22:16:18,TDB_CUST_5214938,TSLA,BUY,1,638.02
TDB_000009016,2024-09-19 22:16:18,TDB_CUST_5214938,TSLA,BUY,1,638.02
TDB_000009017,2024-09-19 22:16:18,TDB_CUST_5214938,TSLA,BUY,1,638.02
TDB_000009018,2024-09-19 22:16:18,TDB_CUST_5214938,TSLA,BUY,1,638.02
TDB_000009019,2024-09-19 22:16:18,TDB_CUST_5214938,TSLA,BUY,1,638.02
TDB_000009020,2024-09-19 22:16:18,TDB_CUST_5214938,TSLA,BUY,1,638.02
TDB_000009021,2024-09-19 22:16:18,TDB_CUST_5214938,TSLA,BUY,1,638.02
TDB_000009022,2024-09-19 22:16:18,TDB_CUST_5214938,TSLA,BUY,1,638.02
TDB_000009023,2024-09-19 22:16:18,TDB_CUST_5214938,TSLA,BUY,1,638.02
TDB_000009024,2024-09-19 22:16:18,TDB_CUST_5214938,TSLA,BUY,1,638.02
TDB_000009025,2024-09-19 22:16:18,TDB_CUST_5214938,TSLA,BUY,1,638.02
TDB_000009026,2024-09-19 22:16:18,TDB_CUST_5214938,TSLA,BUY,1,638.02
TDB_000009027,2024-09-19 22:16:18,TDB_CUST_5214938,TSLA,BUY,1,638.02
TDB_000009028,2024-09-19 22:16:18,TDB_CUST_5214938,TSLA,BUY,1,638.02
TDB_000009029,2024-09-19 22:16:18,TDB_CUST_5214938,TSLA,BUY,1,638.02
TDB_000009030,2024-09-19 22:16:18,TDB_CUST_5214938,TSLA,BUY,1,638.02
TDB_000009031,2024-09-19 22:16:18,TDB_CUST_5214938,TSLA,BUY,1,638.02
TDB_000009032,2024-09-19 22:16:18,TDB_CUST_5214938,TSLA,BUY,1,638.02
TDB_000009033,2024-09-19 22:16:18,TDB_CUST_5214938,TSLA,BUY,1,638.02
TDB_000009034,2024-09-19 22:16:18,TDB_CUST_5214938,TSLA,BUY,1,638.02
TDB_000009035,2024-09-19 22:16:18,TDB_CUST_5214938,TSLA,BUY,1,638.02
TDB_000009036,2024-09-19 22:16:18,TDB_CUST_5214938,TSLA,BUY,1,638.02
TDB_000009037,2024-09-19 22:16:18,TDB_CUST_5214938,TSLA,BUY,1,638.02
TDB_000009038,2024-09-19 22:16:18,TDB_CUST_5214938,TSLA,BUY,1,638.02
TDB_000009039,2024-09-19 22:16:18,TDB_CUST_5214938,TSLA,BUY,1,638.02
TDB_000009040,2024-09-19 22:16:18,TDB_CUST_5214938,TSLA,BUY,1,638.02
TDB_000009041,2024-09-19 22:16:18,TDB_CUST_5214938,TSLA,BUY,1,638.02
TDB_000009042,2024-09-19 22:16:18,TDB_CUST_5214938,TSLA,BUY,1,638.02
TDB_000009043,2024-09-19 22:16:18,TDB_CUST_5214938,TSLA,BUY,1,638.02
TDB_000009044,2024-09-19 22:16:18,TDB_CUST_5214938,TSLA,BUY,1,638.02
TDB_000009045,2024-09-19 22:16:18,TDB_CUST_5214938,TSLA,BUY,1,638.02
TDB_000009046,2024-09-19 22:16:18,TDB_CUST_5214938,TSLA,BUY,1,638.02
TDB_000009047,2024-09-19 22:16:18,TDB_CUST_5214938,TSLA,BUY,1,638.02
TDB_000009048,2024-09-19 22:16:18,TDB_CUST_5214938,TSLA,BUY,1,638.02
TDB_000009049,2024-09-19 22:16:18,TDB_CUST_5214938,TSLA,BUY,1,638.02
TDB_000009050,2024-09-19 22:16:18,TDB_CUST_5214938,TSLA,BUY,1,638.02
TDB_000009051,2024-09-19 22:16:18,TDB_CUST_5214938,TSLA,BUY,1,638.02
TDB_000009052,2024-09-19 22:16:18,TDB_CUST_5214938,TSLA,BUY,1,638.02
TDB_000009053,2024-09-19 22:16:18,TDB_CUST_5214938,TSLA,BUY,1,638.02
TDB_000009054,2024-09-19 22:16:18,TDB_CUST_5214938,TSLA,BUY,1,638.02
TDB_000009055,2024-09-19 22:16:18,TDB_CUST_5214938,TSLA,BUY,1,638.02
TDB_000009056,2024-09-19 22:16:18,TDB_CUST_5214938,TSLA,BUY,1,638.02
TDB_000009057,2024-09-19 22:16:18,TDB_CUST_5214938,TSLA,BUY,1,638.02
TDB_000009058,2024-09-19 22:16:18,TDB_CUST_5214938,TSLA,BUY,1,638.02
TDB_000009059,2024-09-19 22:16:18,TDB_CUST_5214938,TSLA,BUY,1,638.02
TDB_000009060,2024-09-19 22:16:18,TDB_CUST_5214938,TSLA,BUY,1,638.02
TDB_000009061,2024-09-19 22:16:18,TDB_CUST_5214938,TSLA,BUY,1,638.02
TDB_000009062,2024-09-19 22:16:18,TDB_CUST_5214938,TSLA,BUY,1,638.02
TDB_000009063,2024-09-19 22:16:18,TDB_CUST_5214938,TSLA,BUY,1,638.02
TDB_000009064,2024-09-19 22:16:18,TDB_CUST_5214938,TSLA,BUY,1,638.02
TDB_000009065,2024-09-19 22:16:18,TDB_CUST_5214938,TSLA,BUY,1,638.02
TDB_000009066,2024-09-19 22:16:18,TDB_CUST_5214938,TSLA,BUY,1,638.02
TDB_000009067,2024-09-19 22:16:18,TDB_CUST_5214938,TSLA,BUY,1,638.02
TDB_000009068,2024-09-19 22:16:18,TDB_CUST_5214938,TSLA,BUY,1,638.02
TDB_000009069,2024-09-19 22:16:18,TDB_CUST_5214938,TSLA,BUY,1,638.02
TDB_000009070,2024-09-19 22:16:18,TDB_CUST_5214938,TSLA,BUY,1,638.02
TDB_000009071,2024-09-19 22:16:18,TDB_CUST_5214938,TSLA,BUY,1,638.02
TDB_000009072,2024-09-19 22:16:18,TDB_CUST_5214938,TSLA,BUY,1,638.02
TDB_000009073,2024-09-19 22:16:18,TDB_CUST_5214938,TSLA,BUY,1,638.02
TDB_000009074,2024-09-19 22:16:18,TDB_CUST_5214938,TSLA,BUY,1,638.02
TDB_000009075,2024-09-19 22:16:18,TDB_CUST_5214938,TSLA,BUY,1,638.02
TDB_000009076,2024-09-19 22:16:18,TDB_CUST_5214938,TSLA,BUY,1,638.02
TDB_000009077,2024-09-19 22:16:18,TDB_CUST_5214938,TSLA,BUY,1,638.02
TDB_000009078,2024-09-19 22:16:18,TDB_CUST_5214938,TSLA,BUY,1,638.02
TDB_000009079,2024-09-19 22:16:18,TDB_CUST_5214938,TSLA,BUY,1,638.02
TDB_000009080,2024-09-19 22:16:18,TDB_CUST_5214938,TSLA,BUY,1,638.02
TDB_000009081,2024-09-19 22:16:18,TDB_CUST_5214938,TSLA,BUY,1,638.02
TDB_000009082,2024-09-19 22:16:18,TDB_CUST_5214938,TSLA,BUY,1,638.02
TDB_000009083,2024-09-19 22:16:18,TDB_CUST_5214938,TSLA,BUY,1,638.02
TDB_000009084,2024-09-19 22:16:18,TDB_CUST_5214938,TSLA,BUY,1,638.02
TDB_000009085,2024-09-19 22:16:18,TDB_CUST_5214938,TSLA,BUY,1,638.02
TDB_000009086,2024-09-19 22:16:18,TDB_CUST_5214938,TSLA,BUY,1,638.02
TDB_000009087,2024-09-19 22:16:18,TDB_CUST_5214938,TSLA,BUY,1,638.02
TDB_000009088,2024-09-19 22:16:18,TDB_CUST_5214938,TSLA,BUY,1,638.02
TDB_000009089,2024-09-19 22:16:18,TDB_CUST_5214938,TSLA,BUY,1,638.02
TDB_000009090,2024-09-19 22:16:18,TDB_CUST_5214938,TSLA,BUY,1,638.02
TDB_000009091,2024-09-19 22:16:18,TDB_CUST_5214938,TSLA,BUY,1,638.02
TDB_000009092,2024-09-19 22:16:18,TDB_CUST_5214938,TSLA,BUY,1,638.02
TDB_000009093,2024-09-19 22:16:18,TDB_CUST_5214938,TSLA,BUY,1,638.02
TDB_000009094,2024-09-19 22:16:18,TDB_CUST_5214938,TSLA,BUY,1,638.02
TDB_000009095,2024-09-19 22:16:18,TDB_CUST_5214938,TSLA,BUY,1,638.02
TDB_000009096,2024-09-19 22:16:18,TDB_CUST_5214938,TSLA,BUY,1,638.02
TDB_000009097,2024-09-19 22:16:18,TDB_CUST_5214938,TSLA,BUY,1,638.02
TDB_000009098,2024-09-19 22:16:18,TDB_CUST_5214938,TSLA,BUY,1,638.02
TDB_000009099,2024-09-19 22:16:18,TDB_CUST_5214938,TSLA,BUY,1,638.02
TDB_000009100,2024-09-19 22:16:18,TDB_CUST_5214938,TSLA,BUY,1,638.02
TDB_000009101,2024-09-19 22:16:18,TDB_CUST_5214938,TSLA,BUY,1,638.02
TDB_000009102,2024-09-19 22:16:18,TDB_CUST_5214938,TSLA,BUY,1,638.02
TDB_000009103,2024-09-19 22:16:18,TDB_CUST_5214938,TSLA,BUY,1,638.02
TDB_000009104,2024-09-19 22:16:18,TDB_CUST_5214938,TSLA,BUY,1,638.02
TDB_000009105,2024-09-19 22:16:18,TDB_CUST_5214938,TSLA,BUY,1,638.02
TDB_000009106,2024-09-19 22:16:18,TDB_CUST_5214938,TSLA,BUY,1,638.02
TDB_000009107,2024-09-19 22:16:18,TDB_CUST_5214938,TSLA,BUY,1,638.02
TDB_000009108,2024-09-19 22:16:18,TDB_CUST_5214938,TSLA,BUY,1,638.02
TDB_000009109,2024-09-19 22:16:18,TDB_CUST_5214938,TSLA,BUY,1,638.02
TDB_000009110,2024-09-19 22:16:18,TDB_CUST_5214938,TSLA,BUY,1,638.02
TDB_000009111,2024-09-19 22:16:18,TDB_CUST_5214938,TSLA,BUY,1,638.02
TDB_000009112,2024-09-19 22:16:18,TDB_CUST_5214938,TSLA,BUY,1,638.02
TDB_000009113,2024-09-19 22:16:18,TDB_CUST_5214938,TSLA,BUY,1,638.02
TDB_000009114,2024-09-19 22:16:18,TDB_CUST_5214938,TSLA,BUY,1,638.02
TDB_000009115,2024-09-19 22:16:18,TDB_CUST_5214938,TSLA,BUY,1,638.02
TDB_000009116,2024-09-19 22:16:18,TDB_CUST_5214938,TSLA,BUY,1,638.02
TDB_000009117,2024-09-19 22:16:18,TDB_CUST_5214938,TSLA,BUY,1,638.02
TDB_000009118,2024-09-19 22:16:18,TDB_CUST_5214938,TSLA,BUY,1,638.02
TDB_000009119,2024-09-19 22:16:18,TDB_CUST_5214938,TSLA,BUY,1,638.02
TDB_000009120,2024-09-19 22:16:18,TDB_CUST_5214938,TSLA,BUY,1,638.02
TDB_000009121,2024-09-19 22:16:18,TDB_CUST_5214938,TSLA,BUY,1,638.02
TDB_000009122,2024-09-19 22:16:18,TDB_CUST_5214938,TSLA,BUY,1,638.02
TDB_000009123,2024-09-19 22:16:18,TDB_CUST_5214938,TSLA,BUY,1,638.02
TDB_000009124,2024-09-19 22:16:18,TDB_CUST_5214938,TSLA,BUY,1,638.02
TDB_000009125,2024-09-19 22:16:18,TDB_CUST_5214938,TSLA,BUY,1,638.02
TDB_000009126,2024-09-19 22:16:18,TDB_CUST_5214938,TSLA,BUY,1,638.02
TDB_000009127,2024-09-19 22:16:18,TDB_CUST_5214938,TSLA,BUY,1,638.02
TDB_000009128,2024-09-19 22:16:18,TDB_CUST_5214938,TSLA,BUY,1,638.02
TDB_000009129,2024-09-19 22:16:18,TDB_CUST_5214938,TSLA,BUY,1,638.02
TDB_000009130,2024-09-19 22:16:18,TDB_CUST_5214938,TSLA,BUY,1,638.02
TDB_000009131,2024-09-19 22:16:18,TDB_CUST_5214938,TSLA,BUY,1,638.02
TDB_000009132,2024-09-19 22:16:18,TDB_CUST_5214938,TSLA,BUY,1,638.02
TDB_000009133,2024-09-19 22:16:18,TDB_CUST_5214938,TSLA,BUY,1,638.02
TDB_000009134,2024-09-19 22:16:18,TDB_CUST_5214938,TSLA,BUY,1,638.02
TDB_000009135,2024-09-19 22:16:18,TDB_CUST_5214938,TSLA,BUY,1,638.02
TDB_000009136,2024-09-19 22:16:18,TDB_CUST_5214938,TSLA,BUY,1,638.02
TDB_000009137,2024-09-19 22:16:18,TDB_CUST_5214938,TSLA,BUY,1,638.02
TDB_000009138,2024-09-19 22:16:18,TDB_CUST_5214938,TSLA,BUY,1,638.02
TDB_000009139,2024-09-19 22:16:18,TDB_CUST_5214938,TSLA,BUY,1,638.02
TDB_000009140,2024-09-19 22:16:18,TDB_CUST_5214938,TSLA,BUY,1,638.02
TDB_000009141,2024-09-19 22:16:18,TDB_CUST_5214938,TSLA,BUY,1,638.02
TDB_000009142,2024-09-19 22:16:18,TDB_CUST_5214938,TSLA,BUY,1,638.02
TDB_000009143,2024-09-19 22:16:18,TDB_CUST_5214938,TSLA,BUY,1,638.02
TDB_000009144,2024-09-19 22:16:18,TDB_CUST_5214938,TSLA,BUY,1,638.02
TDB_000009145,2024-09-19 22:16:18,TDB_CUST_5214938,TSLA,BUY,1,638.02
TDB_000009146,2024-09-19 22:16:18,TDB_CUST_5214938,TSLA,BUY,1,638.02
TDB_000009147,2024-09-19 22:16:18,TDB_CUST_5214938,TSLA,BUY,1,638.02
TDB_000009148,2024-09-19 22:16:18,TDB_CUST_5214938,TSLA,BUY,1,638.02
TDB_000009149,2024-09-19 22:16:18,TDB_CUST_5214938,TSLA,BUY,1,638.02
TDB_000009150,2024-09-19 22:16:18,TDB_CUST_5214938,TSLA,BUY,1,638.02
TDB_000009151,2024-09-19 22:16:18,TDB_CUST_5214938,TSLA,BUY,1,638.02
TDB_000009152,2024-09-19 22:16:18,TDB_CUST_5214938,TSLA,BUY,1,638.02
TDB_000009153,2024-09-19 22:16:18,TDB_CUST_5214938,TSLA,BUY,1,638.02
TDB_000009154,2024-09-19 22:16:18,TDB_CUST_5214938,TSLA,BUY,1,638.02
TDB_000009155,2024-09-19 22:16:18,TDB_CUST_5214938,TSLA,BUY,1,638.02
TDB_000009156,2024-09-19 22:16:18,TDB_CUST_5214938,TSLA,BUY,1,638.02
TDB_000009157,2024-09-19 22:16:18,TDB_CUST_5214938,TSLA,BUY,1,638.02
TDB_000009158,2024-09-19 22:16:18,TDB_CUST_5214938,TSLA,BUY,1,638.02
TDB_000009159,2024-09-19 22:16:18,TDB_CUST_5214938,TSLA,BUY,1,638.02
TDB_000009160,2024-09-19 22:16:18,TDB_CUST_5214938,TSLA,BUY,1,638.02
TDB_000009161,2024-09-19 22:16:18,TDB_CUST_5214938,TSLA,BUY,1,638.02
TDB_000009162,2024-09-19 22:16:18,TDB_CUST_5214938,TSLA,BUY,1,638.02
TDB_000009163,2024-09-19 22:16:18,TDB_CUST_5214938,TSLA,BUY,1,638.02
TDB_000009164,2024-09-19 22:16:18,TDB_CUST_5214938,TSLA,BUY,1,638.02
TDB_000009165,2024-09-19 22:16:18,TDB_CUST_5214938,TSLA,BUY,1,638.02
TDB_000009166,2024-09-19 22:16:18,TDB_CUST_5214938,TSLA,BUY,1,638.02
TDB_000009167,2024-09-19 22:16:18,TDB_CUST_5214938,TSLA,BUY,1,638.02
TDB_000009168,2024-09-19 22:16:18,TDB_CUST_5214938,TSLA,BUY,1,638.02
TDB_000009169,2024-09-19 22:16:18,TDB_CUST_5214938,TSLA,BUY,1,638.02
TDB_000009170,2024-09-19 22:16:18,TDB_CUST_5214938,TSLA,BUY,1,638.02
TDB_000009171,2024-09-19 22:16:18,TDB_CUST_5214938,TSLA,BUY,1,638.02
TDB_000009172,2024-09-19 22:16:18,TDB_CUST_5214938,TSLA,BUY,1,638.02
TDB_000009173,2024-09-19 22:16:18,TDB_CUST_5214938,TSLA,BUY,1,638.02
TDB_000009174,2024-09-19 22:16:18,TDB_CUST_5214938,TSLA,BUY,1,638.02
TDB_000009175,2024-09-19 22:16:18,TDB_CUST_5214938,TSLA,BUY,1,638.02
TDB_000009176,2024-09-19 22:16:18,TDB_CUST_5214938,TSLA,BUY,1,638.02
TDB_000009177,2024-09-19 22:16:18,TDB_CUST_5214938,TSLA,BUY,1,638.02
TDB_000009178,2024-09-19 22:16:18,TDB_CUST_5214938,TSLA,BUY,1,638.02
TDB_000009179,2024-09-19 22:16:18,TDB_CUST_5214938,TSLA,BUY,1,638.02
TDB_000009180,2024-09-19 22:16:18,TDB_CUST_5214938,TSLA,BUY,1,638.02
TDB_000009181,2024-09-19 22:16:18,TDB_CUST_5214938,TSLA,BUY,1,638.02
TDB_000009182,2024-09-19 22:16:18,TDB_CUST_5214938,TSLA,BUY,1,638.02
TDB_000009183,2024-09-19 22:16:18,TDB_CUST_5214938,TSLA,BUY,1,638.02
TDB_000009184,2024-09-19 22:16:18,TDB_CUST_5214938,TSLA,BUY,1,638.02
TDB_000009185,2024-09-19 22:16:18,TDB_CUST_5214938,TSLA,BUY,1,638.02
TDB_000009186,2024-09-19 22:16:18,TDB_CUST_5214938,TSLA,BUY,1,638.02
TDB_000009187,2024-09-19 22:16:18,TDB_CUST_5214938,TSLA,BUY,1,638.02
TDB_000009188,2024-09-19 22:16:18,TDB_CUST_5214938,TSLA,BUY,1,638.02
TDB_000009189,2024-09-19 22:16:18,TDB_CUST_5214938,TSLA,BUY,1,638.02
TDB_000009190,2024-09-19 22:16:18,TDB_CUST_5214938,TSLA,BUY,1,638.02
TDB_000009191,2024-09-19 22:16:18,TDB_CUST_5214938,TSLA,BUY,1,638.02
TDB_000009192,2024-09-19 22:16:18,TDB_CUST_5214938,TSLA,BUY,1,638.02
TDB_000009193,2024-09-19 22:16:18,TDB_CUST_5214938,TSLA,BUY,1,638.02
TDB_000009194,2024-09-19 22:16:18,TDB_CUST_5214938,TSLA,BUY,1,638.02
TDB_000009195,2024-09-19 22:16:18,TDB_CUST_5214938,TSLA,BUY,1,638.02
TDB_000009196,2024-09-19 22:16:18,TDB_CUST_5214938,TSLA,BUY,1,638.02
TDB_000009197,2024-09-19 22:16:18,TDB_CUST_5214938,TSLA,BUY,1,638.02
TDB_000009198,2024-09-19 22:16:18,TDB_CUST_5214938,TSLA,BUY,1,638.02
TDB_000009199,2024-09-19 22:16:18,TDB_CUST_5214938,TSLA,BUY,1,638.02
TDB_000009200,2024-09-19 22:16:18,TDB_CUST_5214938,TSLA,BUY,1,638.02
TDB_000009201,2024-09-19 22:16:18,TDB_CUST_5214938,TSLA,BUY,1,638.02
TDB_000009202,2024-09-19 22:16:18,TDB_CUST_5214938,TSLA,BUY,1,638.02
TDB_000009203,2024-09-19 22:16:18,TDB_CUST_5214938,TSLA,BUY,1,638.02
TDB_000009204,2024-09-19 22:16:18,TDB_CUST_5214938,TSLA,BUY,1,638.02
TDB_000009205,2024-09-19 22:16:18,TDB_CUST_5214938,TSLA,BUY,1,638.02
TDB_000009206,2024-09-19 22:16:18,TDB_CUST_5214938,TSLA,BUY,1,638.02
TDB_000009207,2024-09-19 22:16:18,TDB_CUST_5214938,TSLA,BUY,1,638.02
TDB_000009208,2024-09-19 22:16:18,TDB_CUST_5214938,TSLA,BUY,1,638.02
TDB_000009209,2024-09-19 22:16:18,TDB_CUST_5214938,TSLA,BUY,1,638.02
TDB_000009210,2024-09-19 22:16:18,TDB_CUST_5214938,TSLA,BUY,1,638.02
TDB_000009211,2024-09-19 22:16:18,TDB_CUST_5214938,TSLA,BUY,1,638.02
TDB_000009212,2024-09-19 22:16:18,TDB_CUST_5214938,TSLA,BUY,1,638.02
TDB_000009213,2024-09-19 22:16:18,TDB_CUST_5214938,TSLA,BUY,1,638.02
TDB_000009214,2024-09-19 22:16:18,TDB_CUST_5214938,TSLA,BUY,1,638.02
TDB_000009215,2024-09-19 22:16:18,TDB_CUST_5214938,TSLA,BUY,1,638.02
TDB_000009216,2024-09-19 22:16:18,TDB_CUST_5214938,TSLA,BUY,1,638.02
TDB_000009217,2024-09-19 22:16:18,TDB_CUST_5214938,TSLA,BUY,1,638.02
TDB_000009218,2024-09-19 22:16:18,TDB_CUST_5214938,TSLA,BUY,1,638.02
TDB_000009219,2024-09-19 22:16:18,TDB_CUST_5214938,TSLA,BUY,1,638.02
TDB_000009220,2024-09-19 22:16:18,TDB_CUST_5214938,TSLA,BUY,1,638.02
TDB_000009221,2024-09-19 22:16:18,TDB_CUST_5214938,TSLA,BUY,1,638.02
TDB_000009222,2024-09-19 22:16:18,TDB_CUST_5214938,TSLA,BUY,1,638.02
TDB_000009223,2024-09-19 22:16:18,TDB_CUST_5214938,TSLA,BUY,1,638.02
TDB_000009224,2024-09-19 22:16:18,TDB_CUST_5214938,TSLA,BUY,1,638.02
TDB_000009225,2024-09-19 22:16:18,TDB_CUST_5214938,TSLA,BUY,1,638.02
TDB_000009226,2024-09-19 22:16:18,TDB_CUST_5214938,TSLA,BUY,1,638.02
TDB_000009227,2024-09-19 22:16:18,TDB_CUST_5214938,TSLA,BUY,1,638.02
TDB_000009228,2024-09-19 22:16:18,TDB_CUST_5214938,TSLA,BUY,1,638.02
TDB_000009229,2024-09-19 22:16:18,TDB_CUST_5214938,TSLA,BUY,1,638.02
TDB_000009230,2024-09-19 22:16:18,TDB_CUST_5214938,TSLA,BUY,1,638.02
TDB_000009231,2024-09-19 22:16:18,TDB_CUST_5214938,TSLA,BUY,1,638.02
TDB_000009232,2024-09-19 22:16:18,TDB_CUST_5214938,TSLA,BUY,1,638.02
TDB_000009233,2024-09-19 22:16:18,TDB_CUST_5214938,TSLA,BUY,1,638.02
TDB_000009234,2024-09-19 22:16:18,TDB_CUST_5214938,TSLA,BUY,1,638.02
TDB_000009235,2024-09-19 22:16:18,TDB_CUST_5214938,TSLA,BUY,1,638.02
TDB_000009236,2024-09-19 22:16:18,TDB_CUST_5214938,TSLA,BUY,1,638.02
TDB_000009237,2024-09-19 22:16:18,TDB_CUST_5214938,TSLA,BUY,1,638.02
TDB_000009238,2024-09-19 22:16:18,TDB_CUST_5214938,TSLA,BUY,1,638.02
TDB_000009239,2024-09-19 22:16:18,TDB_CUST_5214938,TSLA,BUY,1,638.02
TDB_000009240,2024-09-19 22:16:18,TDB_CUST_5214938,TSLA,BUY,1,638.02
TDB_000009241,2024-09-19 22:16:18,TDB_CUST_5214938,TSLA,BUY,1,638.02
TDB_000009242,2024-09-19 22:16:18,TDB_CUST_5214938,TSLA,BUY,1,638.02
TDB_000009243,2024-09-19 22:16:18,TDB_CUST_5214938,TSLA,BUY,1,638.02
TDB_000009244,2024-09-19 22:16:18,TDB_CUST_5214938,TSLA,BUY,1,638.02
TDB_000009245,2024-09-19 22:16:18,TDB_CUST_5214938,TSLA,BUY,1,638.02
TDB_000009246,2024-09-19 22:16:18,TDB_CUST_5214938,TSLA,BUY,1,638.02
TDB_000009247,2024-09-19 22:16:18,TDB_CUST_5214938,TSLA,BUY,1,638.02
TDB_000009248,2024-09-19 22:16:18,TDB_CUST_5214938,TSLA,BUY,1,638.02
TDB_000009249,2024-09-19 22:16:18,TDB_CUST_5214938,TSLA,BUY,1,638.02
TDB_000009250,2024-09-19 22:16:18,TDB_CUST_5214938,TSLA,BUY,1,638.02
TDB_000009251,2024-09-19 22:16:18,TDB_CUST_5214938,TSLA,BUY,1,638.02
TDB_000009252,2024-09-19 22:16:18,TDB_CUST_5214938,TSLA,BUY,1,638.02
TDB_000009253,2024-09-19 22:16:18,TDB_CUST_5214938,TSLA,BUY,1,638.02
TDB_000009254,2024-09-19 22:16:18,TDB_CUST_5214938,TSLA,BUY,1,638.02
TDB_000009255,2024-09-19 22:16:18,TDB_CUST_5214938,TSLA,BUY,1,638.02
TDB_000009256,2024-09-19 22:16:18,TDB_CUST_5214938,TSLA,BUY,1,638.02
TDB_000009257,2024-09-19 22:16:18,TDB_CUST_5214938,TSLA,BUY,1,638.02
TDB_000009258,2024-09-19 22:16:18,TDB_CUST_5214938,TSLA,BUY,1,638.02
TDB_000009259,2024-09-19 22:16:18,TDB_CUST_5214938,TSLA,BUY,1,638.02
TDB_000009260,2024-09-19 22:16:18,TDB_CUST_5214938,TSLA,BUY,1,638.02
TDB_000009261,2024-09-19 22:16:18,TDB_CUST_5214938,TSLA,BUY,1,638.02
TDB_000009262,2024-09-19 22:16:18,TDB_CUST_5214938,TSLA,BUY,1,638.02
TDB_000009263,2024-09-19 22:16:18,TDB_CUST_5214938,TSLA,BUY,1,638.02
TDB_000009264,2024-09-19 22:16:18,TDB_CUST_5214938,TSLA,BUY,1,638.02
TDB_000009265,2024-09-19 22:16:18,TDB_CUST_5214938,TSLA,BUY,1,638.02
TDB_000009266,2024-09-19 22:16:18,TDB_CUST_5214938,TSLA,BUY,1,638.02
TDB_000009267,2024-09-19 22:16:18,TDB_CUST_5214938,TSLA,BUY,1,638.02
TDB_000009268,2024-09-19 22:16:18,TDB_CUST_5214938,TSLA,BUY,1,638.02
TDB_000009269,2024-09-19 22:16:18,TDB_CUST_5214938,TSLA,BUY,1,638.02
TDB_000009270,2024-09-19 22:16:18,TDB_CUST_5214938,TSLA,BUY,1,638.02
TDB_000009271,2024-09-19 22:16:18,TDB_CUST_5214938,TSLA,BUY,1,638.02
TDB_000009272,2024-09-19 22:16:18,TDB_CUST_5214938,TSLA,BUY,1,638.02
TDB_000009273,2024-09-19 22:16:18,TDB_CUST_5214938,TSLA,BUY,1,638.02
TDB_000009274,2024-09-19 22:16:18,TDB_CUST_5214938,TSLA,BUY,1,638.02
TDB_000009275,2024-09-19 22:16:18,TDB_CUST_5214938,TSLA,BUY,1,638.02
TDB_000009276,2024-09-19 22:16:18,TDB_CUST_5214938,TSLA,BUY,1,638.02
TDB_000009277,2024-09-19 22:16:18,TDB_CUST_5214938,TSLA,BUY,1,638.02
TDB_000009278,2024-09-19 22:16:18,TDB_CUST_5214938,TSLA,BUY,1,638.02
TDB_000009279,2024-09-19 22:16:18,TDB_CUST_5214938,TSLA,BUY,1,638.02
TDB_000009280,2024-09-19 22:16:18,TDB_CUST_5214938,TSLA,BUY,1,638.02
TDB_000009281,2024-09-19 22:16:18,TDB_CUST_5214938,TSLA,BUY,1,638.02
TDB_000009282,2024-09-19 22:16:18,TDB_CUST_5214938,TSLA,BUY,1,638.02
TDB_000009283,2024-09-19 22:16:18,TDB_CUST_5214938,TSLA,BUY,1,638.02
TDB_000009284,2024-09-19 22:16:18,TDB_CUST_5214938,TSLA,BUY,1,638.02
TDB_000009285,2024-09-19 22:16:18,TDB_CUST_5214938,TSLA,BUY,1,638.02
TDB_000009286,2024-09-19 22:16:18,TDB_CUST_5214938,TSLA,BUY,1,638.02
TDB_000009287,2024-09-19 22:16:18,TDB_CUST_5214938,TSLA,BUY,1,638.02
TDB_000009288,2024-09-19 22:16:18,TDB_CUST_5214938,TSLA,BUY,1,638.02
TDB_000009289,2024-09-19 22:16:18,TDB_CUST_5214938,TSLA,BUY,1,638.02
TDB_000009290,2024-09-19 22:16:18,TDB_CUST_5214938,TSLA,BUY,1,638.02
TDB_000009291,2024-09-19 22:16:18,TDB_CUST_5214938,TSLA,BUY,1,638.02
TDB_000009292,2024-09-19 22:16:18,TDB_CUST_5214938,TSLA,BUY,1,638.02
TDB_000009293,2024-09-19 22:16:18,TDB_CUST_5214938,TSLA,BUY,1,638.02
TDB_000009294,2024-09-19 22:16:18,TDB_CUST_5214938,TSLA,BUY,1,638.02
TDB_000009295,2024-09-19 22:16:18,TDB_CUST_5214938,TSLA,BUY,1,638.02
TDB_000009296,2024-09-19 22:16:18,TDB_CUST_5214938,TSLA,BUY,1,638.02
TDB_000009297,2024-09-19 22:16:18,TDB_CUST_5214938,TSLA,BUY,1,638.02
TDB_000009298,2024-09-19 22:16:18,TDB_CUST_5214938,TSLA,BUY,1,638.02
TDB_000009299,2024-09-19 22:16:18,TDB_CUST_5214938,TSLA,BUY,1,638.02
TDB_000009300,2024-09-19 22:16:18,TDB_CUST_5214938,TSLA,BUY,1,638.02
TDB_000009301,2024-09-19 22:16:18,TDB_CUST_5214938,TSLA,BUY,1,638.02
TDB_000009302,2024-09-19 22:16:18,TDB_CUST_5214938,TSLA,BUY,1,638.02
TDB_000009303,2024-09-19 22:16:18,TDB_CUST_5214938,TSLA,BUY,1,638.02
TDB_000009304,2024-09-19 22:16:18,TDB_CUST_5214938,TSLA,BUY,1,638.02
TDB_000009305,2024-09-19 22:16:18,TDB_CUST_5214938,TSLA,BUY,1,638.02
TDB_000009306,2024-09-19 22:16:18,TDB_CUST_5214938,TSLA,BUY,1,638.02
TDB_000009307,2024-09-19 22:16:18,TDB_CUST_5214938,TSLA,BUY,1,638.02
TDB_000009308,2024-09-19 22:16:18,TDB_CUST_5214938,TSLA,BUY,1,638.02
TDB_000009309,2024-09-19 22:16:18,TDB_CUST_5214938,TSLA,BUY,1,638.02
TDB_000009310,2024-09-19 22:16:18,TDB_CUST_5214938,TSLA,BUY,1,638.02
TDB_000009311,2024-09-19 22:16:18,TDB_CUST_5214938,TSLA,BUY,1,638.02
TDB_000009312,2024-09-19 22:16:18,TDB_CUST_5214938,TSLA,BUY,1,638.02
TDB_000009313,2024-09-19 22:16:18,TDB_CUST_5214938,TSLA,BUY,1,638.02
TDB_000009314,2024-09-19 22:16:18,TDB_CUST_5214938,TSLA,BUY,1,638.02
TDB_000009315,2024-09-19 22:16:18,TDB_CUST_5214938,TSLA,BUY,1,638.02
TDB_000009316,2024-09-19 22:16:18,TDB_CUST_5214938,TSLA,BUY,1,638.02
TDB_000009317,2024-09-19 22:16:18,TDB_CUST_5214938,TSLA,BUY,1,638.02
TDB_000009318,2024-09-19 22:16:18,TDB_CUST_5214938,TSLA,BUY,1,638.02
TDB_000009319,2024-09-19 22:16:18,TDB_CUST_5214938,TSLA,BUY,1,638.02
TDB_000009320,2024-09-19 22:16:18,TDB_CUST_5214938,TSLA,BUY,1,638.02
TDB_000009321,2024-09-19 22:16:18,TDB_CUST_5214938,TSLA,BUY,1,638.02
TDB_000009322,2024-09-19 22:16:18,TDB_CUST_5214938,TSLA,BUY,1,638.02
TDB_000009323,2024-09-19 22:16:18,TDB_CUST_5214938,TSLA,BUY,1,638.02
TDB_000009324,2024-09-19 22:16:18,TDB_CUST_5214938,TSLA,BUY,1,638.02
TDB_000009325,2024-09-19 22:16:18,TDB_CUST_5214938,TSLA,BUY,1,638.02
TDB_000009326,2024-09-19 22:16:18,TDB_CUST_5214938,TSLA,BUY,1,638.02
TDB_000009327,2024-09-19 22:16:18,TDB_CUST_5214938,TSLA,BUY,1,638.02
TDB_000009328,2024-09-19 22:16:18,TDB_CUST_5214938,TSLA,BUY,1,638.02
TDB_000009329,2024-09-19 22:16:18,TDB_CUST_5214938,TSLA,BUY,1,638.02
TDB_000009330,2024-09-19 22:16:18,TDB_CUST_5214938,TSLA,BUY,1,638.02
TDB_000009331,2024-09-19 22:16:18,TDB_CUST_5214938,TSLA,BUY,1,638.02
TDB_000009332,2024-09-19 22:16:18,TDB_CUST_5214938,TSLA,BUY,1,638.02
TDB_000009333,2024-09-19 22:16:18,TDB_CUST_5214938,TSLA,BUY,1,638.02
TDB_000009334,2024-09-19 22:16:18,TDB_CUST_5214938,TSLA,BUY,1,638.02
TDB_000009335,2024-09-19 22:16:18,TDB_CUST_5214938,TSLA,BUY,1,638.02
TDB_000009336,2024-09-19 22:16:18,TDB_CUST_5214938,TSLA,BUY,1,638.02
TDB_000009337,2024-09-19 22:16:18,TDB_CUST_5214938,TSLA,BUY,1,638.02
TDB_000009338,2024-09-19 22:16:18,TDB_CUST_5214938,TSLA,BUY,1,638.02
TDB_000009339,2024-09-19 22:16:18,TDB_CUST_5214938,TSLA,BUY,1,638.02
TDB_000009340,2024-09-19 22:16:18,TDB_CUST_5214938,TSLA,BUY,1,638.02
TDB_000009341,2024-09-19 22:16:18,TDB_CUST_5214938,TSLA,BUY,1,638.02
TDB_000009342,2024-09-19 22:16:18,TDB_CUST_5214938,TSLA,BUY,1,638.02
TDB_000009343,2024-09-19 22:16:18,TDB_CUST_5214938,TSLA,BUY,1,638.02
TDB_000009344,2024-09-19 22:16:18,TDB_CUST_5214938,TSLA,BUY,1,638.02
TDB_000009345,2024-09-19 22:16:18,TDB_CUST_5214938,TSLA,BUY,1,638.02
TDB_000009346,2024-09-19 22:16:18,TDB_CUST_5214938,TSLA,BUY,1,638.02
TDB_000009347,2024-09-19 22:16:18,TDB_CUST_5214938,TSLA,BUY,1,638.02
TDB_000009348,2024-09-19 22:16:18,TDB_CUST_5214938,TSLA,BUY,1,638.02
TDB_000009349,2024-09-19 22:16:18,TDB_CUST_5214938,TSLA,BUY,1,638.02
TDB_000009350,2024-09-19 22:16:18,TDB_CUST_5214938,TSLA,BUY,1,638.02
TDB_000009351,2024-09-19 22:16:18,TDB_CUST_5214938,TSLA,BUY,1,638.02
TDB_000009352,2024-09-19 22:16:18,TDB_CUST_5214938,TSLA,BUY,1,638.02
TDB_000009353,2024-09-19 22:16:18,TDB_CUST_5214938,TSLA,BUY,1,638.02
TDB_000009354,2024-09-19 22:16:18,TDB_CUST_5214938,TSLA,BUY,1,638.02
TDB_000009355,2024-09-19 22:16:18,TDB_CUST_5214938,TSLA,BUY,1,638.02
TDB_000009356,2024-09-19 22:16:18,TDB_CUST_5214938,TSLA,BUY,1,638.02
TDB_000009357,2024-09-19 22:16:18,TDB_CUST_5214938,TSLA,BUY,1,638.02
TDB_000009358,2024-09-19 22:16:18,TDB_CUST_5214938,TSLA,BUY,1,638.02
TDB_000009359,2024-09-19 22:16:18,TDB_CUST_5214938,TSLA,BUY,1,638.02
TDB_000009360,2024-09-19 22:16:18,TDB_CUST_5214938,TSLA,BUY,1,638.02
TDB_000009361,2024-09-19 22:16:18,TDB_CUST_5214938,TSLA,BUY,1,638.02
TDB_000009362,2024-09-19 22:16:18,TDB_CUST_5214938,TSLA,BUY,1,638.02
TDB_000009363,2024-09-19 22:16:18,TDB_CUST_5214938,TSLA,BUY,1,638.02
TDB_000009364,2024-09-19 22:16:18,TDB_CUST_5214938,TSLA,BUY,1,638.02
TDB_000009365,2024-09-19 22:16:18,TDB_CUST_5214938,TSLA,BUY,1,638.02
TDB_000009366,2024-09-19 22:16:18,TDB_CUST_5214938,TSLA,BUY,1,638.02
TDB_000009367,2024-09-19 22:16:18,TDB_CUST_5214938,TSLA,BUY,1,638.02
TDB_000009368,2024-09-19 22:16:18,TDB_CUST_5214938,TSLA,BUY,1,638.02
TDB_000009369,2024-09-19 22:16:18,TDB_CUST_5214938,TSLA,BUY,1,638.02
TDB_000009370,2024-09-19 22:16:18,TDB_CUST_5214938,TSLA,BUY,1,638.02
TDB_000009371,2024-09-19 22:16:18,TDB_CUST_5214938,TSLA,BUY,1,638.02
TDB_000009372,2024-09-19 22:16:18,TDB_CUST_5214938,TSLA,BUY,1,638.02
TDB_000009373,2024-09-19 22:16:18,TDB_CUST_5214938,TSLA,BUY,1,638.02
TDB_000009374,2024-09-19 22:16:18,TDB_CUST_5214938,TSLA,BUY,1,638.02
TDB_000009375,2024-09-19 22:16:18,TDB_CUST_5214938,TSLA,BUY,1,638.02
TDB_000009376,2024-09-19 22:16:18,TDB_CUST_5214938,TSLA,BUY,1,638.02
TDB_000009377,2024-09-19 22:16:18,TDB_CUST_5214938,TSLA,BUY,1,638.02
TDB_000009378,2024-09-19 22:16:18,TDB_CUST_5214938,TSLA,BUY,1,638.02
TDB_000009379,2024-09-19 22:16:18,TDB_CUST_5214938,TSLA,BUY,1,638.02
TDB_000009380,2024-09-19 22:16:18,TDB_CUST_5214938,TSLA,BUY,1,638.02
TDB_000009381,2024-09-19 22:16:18,TDB_CUST_5214938,TSLA,BUY,1,638.02
TDB_000009382,2024-09-19 22:16:18,TDB_CUST_5214938,TSLA,BUY,1,638.02
TDB_000009383,2024-09-19 22:16:18,TDB_CUST_5214938,TSLA,BUY,1,638.02
TDB_000009384,2024-09-19 22:16:18,TDB_CUST_5214938,TSLA,BUY,1,638.02
TDB_000009385,2024-09-19 22:16:18,TDB_CUST_5214938,TSLA,BUY,1,638.02
TDB_000009386,2024-09-19 22:16:18,TDB_CUST_5214938,TSLA,BUY,1,638.02
TDB_000009387,2024-09-19 22:16:18,TDB_CUST_5214938,TSLA,BUY,1,638.02
TDB_000009388,2024-09-19 22:16:18,TDB_CUST_5214938,TSLA,BUY,1,638.02
TDB_000009389,2024-09-19 22:16:18,TDB_CUST_5214938,TSLA,BUY,1,638.02
TDB_000009390,2024-09-19 22:16:18,TDB_CUST_5214938,TSLA,BUY,1,638.02
TDB_000009391,2024-09-19 22:16:18,TDB_CUST_5214938,TSLA,BUY,1,638.02
TDB_000009392,2024-09-19 22:16:18,TDB_CUST_5214938,TSLA,BUY,1,638.02
TDB_000009393,2024-09-19 22:16:18,TDB_CUST_5214938,TSLA,BUY,1,638.02
TDB_000009394,2024-09-19 22:16:18,TDB_CUST_5214938,TSLA,BUY,1,638.02
TDB_000009395,2024-09-19 22:16:18,TDB_CUST_5214938,TSLA,BUY,1,638.02
TDB_000009396,2024-09-19 22:16:18,TDB_CUST_5214938,TSLA,BUY,1,638.02
TDB_000009397,2024-09-19 22:16:18,TDB_CUST_5214938,TSLA,BUY,1,638.02
TDB_000009398,2024-09-19 22:16:18,TDB_CUST_5214938,TSLA,BUY,1,638.02
TDB_000009399,2024-09-19 22:16:18,TDB_CUST_5214938,TSLA,BUY,1,638.02
TDB_000009400,2024-09-19 22:16:18,TDB_CUST_5214938,TSLA,BUY,1,638.02
TDB_000009401,2024-09-19 22:16:18,TDB_CUST_5214938,TSLA,BUY,1,638.02
TDB_000009402,2024-09-19 22:16:18,TDB_CUST_5214938,TSLA,BUY,1,638.02
TDB_000009403,2024-09-19 22:16:18,TDB_CUST_5214938,TSLA,BUY,1,638.02
TDB_000009404,2024-09-19 22:16:18,TDB_CUST_5214938,TSLA,BUY,1,638.02
TDB_000009405,2024-09-19 22:16:18,TDB_CUST_5214938,TSLA,BUY,1,638.02
TDB_000009406,2024-09-19 22:16:18,TDB_CUST_5214938,TSLA,BUY,1,638.02
TDB_000009407,2024-09-19 22:16:18,TDB_CUST_5214938,TSLA,BUY,1,638.02
TDB_000009408,2024-09-19 22:16:18,TDB_CUST_5214938,TSLA,BUY,1,638.02
TDB_000009409,2024-09-19 22:16:18,TDB_CUST_5214938,TSLA,BUY,1,638.02
TDB_000009410,2024-09-19 22:16:18,TDB_CUST_5214938,TSLA,BUY,1,638.02
TDB_000009411,2024-09-19 22:16:18,TDB_CUST_5214938,TSLA,BUY,1,638.02
TDB_000009412,2024-09-19 22:16:18,TDB_CUST_5214938,TSLA,BUY,1,638.02
TDB_000009413,2024-09-19 22:16:18,TDB_CUST_5214938,TSLA,BUY,1,638.02
TDB_000009414,2024-09-19 22:16:18,TDB_CUST_5214938,TSLA,BUY,1,638.02
TDB_000009415,2024-09-19 22:16:18,TDB_CUST_5214938,TSLA,BUY,1,638.02
TDB_000009416,2024-09-19 22:16:18,TDB_CUST_5214938,TSLA,BUY,1,638.02
TDB_000009417,2024-09-19 22:16:18,TDB_CUST_5214938,TSLA,BUY,1,638.02
TDB_000009418,2024-09-19 22:16:18,TDB_CUST_5214938,TSLA,BUY,1,638.02
TDB_000009419,2024-09-19 22:16:18,TDB_CUST_5214938,TSLA,BUY,1,638.02
TDB_000009420,2024-09-19 22:16:18,TDB_CUST_5214938,TSLA,BUY,1,638.02
TDB_000009421,2024-09-19 22:16:18,TDB_CUST_5214938,TSLA,BUY,1,638.02
TDB_000009422,2024-09-19 22:16:18,TDB_CUST_5214938,TSLA,BUY,1,638.02
TDB_000009423,2024-09-19 22:16:18,TDB_CUST_5214938,TSLA,BUY,1,638.02
TDB_000009424,2024-09-19 22:16:18,TDB_CUST_5214938,TSLA,BUY,1,638.02
TDB_000009425,2024-09-19 22:16:18,TDB_CUST_5214938,TSLA,BUY,1,638.02
TDB_000009426,2024-09-19 22:16:18,TDB_CUST_5214938,TSLA,BUY,1,638.02
TDB_000009427,2024-09-19 22:16:18,TDB_CUST_5214938,TSLA,BUY,1,638.02
TDB_000009428,2024-09-19 22:16:18,TDB_CUST_5214938,TSLA,BUY,1,638.02
TDB_000009429,2024-09-19 22:16:18,TDB_CUST_5214938,TSLA,BUY,1,638.02
TDB_000009430,2024-09-19 22:16:18,TDB_CUST_5214938,TSLA,BUY,1,638.02
TDB_000009431,2024-09-19 22:16:18,TDB_CUST_5214938,TSLA,BUY,1,638.02
TDB_000009432,2024-09-19 22:16:18,TDB_CUST_5214938,TSLA,BUY,1,638.02
TDB_000009433,2024-09-19 22:16:18,TDB_CUST_5214938,TSLA,BUY,1,638.02
TDB_000009434,2024-09-19 22:16:18,TDB_CUST_5214938,TSLA,BUY,1,638.02
TDB_000009435,2024-09-19 22:16:18,TDB_CUST_5214938,TSLA,BUY,1,638.02
TDB_000009436,2024-09-19 22:16:18,TDB_CUST_5214938,TSLA,BUY,1,638.02
TDB_000009437,2024-09-19 22:16:18,TDB_CUST_5214938,TSLA,BUY,1,638.02
TDB_000009438,2024-09-19 22:16:18,TDB_CUST_5214938,TSLA,BUY,1,638.02
TDB_000009439,2024-09-19 22:16:18,TDB_CUST_5214938,TSLA,BUY,1,638.02
TDB_000009440,2024-09-19 22:16:18,TDB_CUST_5214938,TSLA,BUY,1,638.02
TDB_000009441,2024-09-19 22:16:18,TDB_CUST_5214938,TSLA,BUY,1,638.02
TDB_000009442,2024-09-19 22:16:18,TDB_CUST_5214938,TSLA,BUY,1,638.02
TDB_000009443,2024-09-19 22:16:18,TDB_CUST_5214938,TSLA,BUY,1,638.02
TDB_000009444,2024-09-19 22:16:18,TDB_CUST_5214938,TSLA,BUY,1,638.02
TDB_000009445,2024-09-19 22:16:18,TDB_CUST_5214938,TSLA,BUY,1,638.02
TDB_000009446,2024-09-19 22:16:18,TDB_CUST_5214938,TSLA,BUY,1,638.02
TDB_000009447,2024-09-19 22:16:18,TDB_CUST_5214938,TSLA,BUY,1,638.02
TDB_000009448,2024-09-19 22:16:18,TDB_CUST_5214938,TSLA,BUY,1,638.02
TDB_000009449,2024-09-19 22:16:18,TDB_CUST_5214938,TSLA,BUY,1,638.02
TDB_000009450,2024-09-19 22:16:18,TDB_CUST_5214938,TSLA,BUY,1,638.02
TDB_000009451,2024-09-19 22:16:18,TDB_CUST_5214938,TSLA,BUY,1,638.02
TDB_000009452,2024-09-19 22:16:18,TDB_CUST_5214938,TSLA,BUY,1,638.02
TDB_000009453,2024-09-19 22:16:18,TDB_CUST_5214938,TSLA,BUY,1,638.02
TDB_000009454,2024-09-19 22:16:18,TDB_CUST_5214938,TSLA,BUY,1,638.02
TDB_000009455,2024-09-19 22:16:18,TDB_CUST_5214938,TSLA,BUY,1,638.02
TDB_000009456,2024-09-19 22:16:18,TDB_CUST_5214938,TSLA,BUY,1,638.02
TDB_000009457,2024-09-19 22:16:18,TDB_CUST_5214938,TSLA,BUY,1,638.02
TDB_000009458,2024-09-19 22:16:18,TDB_CUST_5214938,TSLA,BUY,1,638.02
TDB_000009459,2024-09-19 22:16:18,TDB_CUST_5214938,TSLA,BUY,1,638.02
TDB_000009460,2024-09-19 22:16:18,TDB_CUST_5214938,TSLA,BUY,1,638.02
TDB_000009461,2024-09-19 22:16:18,TDB_CUST_5214938,TSLA,BUY,1,638.02
TDB_000009462,2024-09-19 22:16:18,TDB_CUST_5214938,TSLA,BUY,1,638.02
TDB_000009463,2024-09-19 22:16:18,TDB_CUST_5214938,TSLA,BUY,1,638.02
TDB_000009464,2024-09-19 22:16:18,TDB_CUST_5214938,TSLA,BUY,1,638.02
TDB_000009465,2024-09-19 22:16:18,TDB_CUST_5214938,TSLA,BUY,1,638.02
TDB_000009466,2024-09-19 22:16:18,TDB_CUST_5214938,TSLA,BUY,1,638.02
TDB_000009467,2024-09-19 22:16:18,TDB_CUST_5214938,TSLA,BUY,1,638.02
TDB_000009468,2024-09-19 22:16:18,TDB_CUST_5214938,TSLA,BUY,1,638.02
TDB_000009469,2024-09-19 22:16:18,TDB_CUST_5214938,TSLA,BUY,1,638.02
TDB_000009470,2024-09-19 22:16:18,TDB_CUST_5214938,TSLA,BUY,1,638.02
TDB_000009471,2024-09-19 22:16:18,TDB_CUST_5214938,TSLA,BUY,1,638.02
TDB_000009472,2024-09-19 22:16:18,TDB_CUST_5214938,TSLA,BUY,1,638.02
TDB_000009473,2024-09-19 22:16:18,TDB_CUST_5214938,TSLA,BUY,1,638.02
TDB_000009474,2024-09-19 22:16:18,TDB_CUST_5214938,TSLA,BUY,1,638.02
TDB_000009475,2024-09-19 22:16:18,TDB_CUST_5214938,TSLA,BUY,1,638.02
TDB_000009476,2024-09-19 22:16:18,TDB_CUST_5214938,TSLA,BUY,1,638.02
TDB_000009477,2024-09-19 22:16:18,TDB_CUST_5214938,TSLA,BUY,1,638.02
TDB_000009478,2024-09-19 22:16:18,TDB_CUST_5214938,TSLA,BUY,1,638.02
TDB_000009479,2024-09-19 22:16:18,TDB_CUST_5214938,TSLA,BUY,1,638.02
TDB_000009480,2024-09-19 22:16:18,TDB_CUST_5214938,TSLA,BUY,1,638.02
TDB_000009481,2024-09-19 22:16:18,TDB_CUST_5214938,TSLA,BUY,1,638.02
TDB_000009482,2024-09-19 22:16:18,TDB_CUST_5214938,TSLA,BUY,1,638.02
TDB_000009483,2024-09-19 22:16:18,TDB_CUST_5214938,TSLA,BUY,1,638.02
TDB_000009484,2024-09-19 22:16:18,TDB_CUST_5214938,TSLA,BUY,1,638.02
TDB_000009485,2024-09-19 22:16:18,TDB_CUST_5214938,TSLA,BUY,1,638.02
TDB_000009486,2024-09-19 22:16:18,TDB_CUST_5214938,TSLA,BUY,1,638.02
TDB_000009487,2024-09-19 22:16:18,TDB_CUST_5214938,TSLA,BUY,1,638.02
TDB_000009488,2024-09-19 22:16:18,TDB_CUST_5214938,TSLA,BUY,1,638.02
TDB_000009489,2024-09-19 22:16:18,TDB_CUST_5214938,TSLA,BUY,1,638.02
TDB_000009490,2024-09-19 22:16:18,TDB_CUST_5214938,TSLA,BUY,1,638.02
TDB_000009491,2024-09-19 22:16:18,TDB_CUST_5214938,TSLA,BUY,1,638.02
TDB_000009492,2024-09-19 22:16:18,TDB_CUST_5214938,TSLA,BUY,1,638.02
TDB_000009493,2024-09-19 22:16:18,TDB_CUST_5214938,TSLA,BUY,1,638.02
TDB_000009494,2024-09-19 22:16:18,TDB_CUST_5214938,TSLA,BUY,1,638.02
TDB_000009495,2024-09-19 22:16:18,TDB_CUST_5214938,TSLA,BUY,1,638.02
TDB_000009496,2024-09-19 22:16:18,TDB_CUST_5214938,TSLA,BUY,1,638.02
TDB_000009497,2024-09-19 22:16:18,TDB_CUST_5214938,TSLA,BUY,1,638.02
TDB_000009498,2024-09-19 22:16:18,TDB_CUST_5214938,TSLA,BUY,1,638.02
TDB_000009499,2024-09-19 22:16:18,TDB_CUST_5214938,TSLA,BUY,1,638.02
TDB_000009500,2024-09-19 22:16:18,TDB_CUST_5214938,TSLA,BUY,1,638.02
TDB_000009501,2024-09-19 22:16:18,TDB_CUST_5214938,TSLA,BUY,1,638.02
TDB_000009502,2024-09-19 22:16:18,TDB_CUST_5214938,TSLA,BUY,1,638.02
TDB_000009503,2024-09-19 22:16:18,TDB_CUST_5214938,TSLA,BUY,1,638.02
TDB_000009504,2024-09-19 22:16:18,TDB_CUST_5214938,TSLA,BUY,1,638.02
TDB_000009505,2024-09-19 22:16:18,TDB_CUST_5214938,TSLA,BUY,1,638.02
TDB_000009506,2024-09-19 22:16:18,TDB_CUST_5214938,TSLA,BUY,1,638.02
TDB_000009507,2024-09-19 22:16:18,TDB_CUST_5214938,TSLA,BUY,1,638.02
TDB_000009508,2024-09-19 22:16:18,TDB_CUST_5214938,TSLA,BUY,1,638.02
TDB_000009509,2024-09-19 22:16:18,TDB_CUST_5214938,TSLA,BUY,1,638.02
TDB_000009510,2024-09-19 22:16:18,TDB_CUST_5214938,TSLA,BUY,1,638.02
TDB_000009511,2024-09-19 22:16:18,TDB_CUST_5214938,TSLA,BUY,1,638.02
TDB_000009512,2024-09-19 22:16:18,TDB_CUST_5214938,TSLA,BUY,1,638.02
TDB_000009513,2024-09-19 22:16:18,TDB_CUST_5214938,TSLA,BUY,1,638.02
TDB_000009514,2024-09-19 22:16:18,TDB_CUST_5214938,TSLA,BUY,1,638.02
TDB_000009515,2024-09-19 22:16:18,TDB_CUST_5214938,TSLA,BUY,1,638.02
TDB_000009516,2024-09-19 22:16:18,TDB_CUST_5214938,TSLA,BUY,1,638.02
TDB_000009517,2024-09-19 22:16:18,TDB_CUST_5214938,TSLA,BUY,1,638.02
TDB_000009518,2024-09-19 22:16:18,TDB_CUST_5214938,TSLA,BUY,1,638.02
TDB_000009519,2024-09-19 22:16:18,TDB_CUST_5214938,TSLA,BUY,1,638.02
TDB_000009520,2024-09-19 22:16:18,TDB_CUST_5214938,TSLA,BUY,1,638.02
TDB_000009521,2024-09-19 22:16:18,TDB_CUST_5214938,TSLA,BUY,1,638.02
TDB_000009522,2024-09-19 22:16:18,TDB_CUST_5214938,TSLA,BUY,1,638.02
TDB_000009523,2024-09-19 22:16:18,TDB_CUST_5214938,TSLA,BUY,1,638.02
TDB_000009524,2024-09-19 22:16:18,TDB_CUST_5214938,TSLA,BUY,1,638.02
TDB_000009525,2024-09-19 22:16:18,TDB_CUST_5214938,TSLA,BUY,1,638.02
TDB_000009526,2024-09-19 22:16:18,TDB_CUST_5214938,TSLA,BUY,1,638.02
TDB_000009527,2024-09-19 22:16:18,TDB_CUST_5214938,TSLA,BUY,1,638.02
TDB_000009528,2024-09-19 22:16:18,TDB_CUST_5214938,TSLA,BUY,1,638.02
TDB_000009529,2024-09-19 22:16:18,TDB_CUST_5214938,TSLA,BUY,1,638.02
TDB_000009530,2024-09-19 22:16:18,TDB_CUST_5214938,TSLA,BUY,1,638.02
TDB_000009531,2024-09-19 22:16:18,TDB_CUST_5214938,TSLA,BUY,1,638.02
TDB_000009532,2024-09-19 22:16:18,TDB_CUST_5214938,TSLA,BUY,1,638.02
TDB_000009533,2024-09-19 22:16:18,TDB_CUST_5214938,TSLA,BUY,1,638.02
TDB_000009534,2024-09-19 22:16:18,TDB_CUST_5214938,TSLA,BUY,1,638.02
TDB_000009535,2024-09-19 22:16:18,TDB_CUST_5214938,TSLA,BUY,1,638.02
TDB_000009536,2024-09-19 22:16:18,TDB_CUST_5214938,TSLA,BUY,1,638.02
TDB_000009537,2024-09-19 22:16:18,TDB_CUST_5214938,TSLA,BUY,1,638.02
TDB_000009538,2024-09-19 22:16:18,TDB_CUST_5214938,TSLA,BUY,1,638.02
TDB_000009539,2024-09-19 22:16:18,TDB_CUST_5214938,TSLA,BUY,1,638.02
TDB_000009540,2024-09-19 22:16:18,TDB_CUST_5214938,TSLA,BUY,1,638.02
TDB_000009541,2024-09-19 22:16:18,TDB_CUST_5214938,TSLA,BUY,1,638.02
TDB_000009542,2024-09-19 22:16:18,TDB_CUST_5214938,TSLA,BUY,1,638.02
TDB_000009543,2024-09-19 22:16:18,TDB_CUST_5214938,TSLA,BUY,1,638.02
TDB_000009544,2024-09-19 22:16:18,TDB_CUST_5214938,TSLA,BUY,1,638.02
TDB_000009545,2024-09-19 22:16:18,TDB_CUST_5214938,TSLA,BUY,1,638.02
TDB_000009546,2024-09-19 22:16:18,TDB_CUST_5214938,TSLA,BUY,1,638.02
TDB_000009547,2024-09-19 22:16:18,TDB_CUST_5214938,TSLA,BUY,1,638.02
TDB_000009548,2024-09-19 22:16:18,TDB_CUST_5214938,TSLA,BUY,1,638.02
TDB_000009549,2024-09-19 22:16:18,TDB_CUST_5214938,TSLA,BUY,1,638.02
TDB_000009550,2024-09-19 22:16:18,TDB_CUST_5214938,TSLA,BUY,1,638.02
TDB_000009551,2024-09-19 22:16:18,TDB_CUST_5214938,TSLA,BUY,1,638.02
TDB_000009552,2024-09-19 22:16:18,TDB_CUST_5214938,TSLA,BUY,1,638.02
TDB_000009553,2024-09-19 22:16:18,TDB_CUST_5214938,TSLA,BUY,1,638.02
TDB_000009554,2024-09-19 22:16:18,TDB_CUST_5214938,TSLA,BUY,1,638.02
TDB_000009555,2024-09-19 22:16:18,TDB_CUST_5214938,TSLA,BUY,1,638.02
TDB_000009556,2024-09-19 22:16:18,TDB_CUST_5214938,TSLA,BUY,1,638.02
TDB_000009557,2024-09-19 22:16:18,TDB_CUST_5214938,TSLA,BUY,1,638.02
TDB_000009558,2024-09-19 22:16:18,TDB_CUST_5214938,TSLA,BUY,1,638.02
TDB_000009559,2024-09-19 22:16:18,TDB_CUST_5214938,TSLA,BUY,1,638.02
TDB_000009560,2024-09-19 22:16:18,TDB_CUST_5214938,TSLA,BUY,1,638.02
TDB_000009561,2024-09-19 22:16:18,TDB_CUST_5214938,TSLA,BUY,1,638.02
TDB_000009562,2024-09-19 22:16:18,TDB_CUST_5214938,TSLA,BUY,1,638.02
TDB_000009563,2024-09-19 22:16:18,TDB_CUST_5214938,TSLA,BUY,1,638.02
TDB_000009564,2024-09-19 22:16:18,TDB_CUST_5214938,TSLA,BUY,1,638.02
TDB_000009565,2024-09-19 22:16:18,TDB_CUST_5214938,TSLA,BUY,1,638.02
TDB_000009566,2024-09-19 22:16:18,TDB_CUST_5214938,TSLA,BUY,1,638.02
TDB_000009567,2024-09-19 22:16:18,TDB_CUST_5214938,TSLA,BUY,1,638.02
TDB_000009568,2024-09-19 22:16:18,TDB_CUST_5214938,TSLA,BUY,1,638.02
TDB_000009569,2024-09-19 22:16:18,TDB_CUST_5214938,TSLA,BUY,1,638.02
TDB_000009570,2024-09-19 22:16:18,TDB_CUST_5214938,TSLA,BUY,1,638.02
TDB_000009571,2024-09-19 22:16:18,TDB_CUST_5214938,TSLA,BUY,1,638.02
TDB_000009572,2024-09-19 22:16:18,TDB_CUST_5214938,TSLA,BUY,1,638.02
TDB_000009573,2024-09-19 22:16:18,TDB_CUST_5214938,TSLA,BUY,1,638.02
TDB_000009574,2024-09-19 22:16:18,TDB_CUST_5214938,TSLA,BUY,1,638.02
TDB_000009575,2024-09-19 22:16:18,TDB_CUST_5214938,TSLA,BUY,1,638.02
TDB_000009576,2024-09-19 22:16:18,TDB_CUST_5214938,TSLA,BUY,1,638.02
TDB_000009577,2024-09-19 22:16:18,TDB_CUST_5214938,TSLA,BUY,1,638.02
TDB_000009578,2024-09-19 22:16:18,TDB_CUST_5214938,TSLA,BUY,1,638.02
TDB_000009579,2024-09-19 22:16:18,TDB_CUST_5214938,TSLA,BUY,1,638.02
TDB_000009580,2024-09-19 22:16:18,TDB_CUST_5214938,TSLA,BUY,1,638.02
TDB_000009581,2024-09-19 22:16:18,TDB_CUST_5214938,TSLA,BUY,1,638.02
TDB_000009582,2024-09-19 22:16:18,TDB_CUST_5214938,TSLA,BUY,1,638.02
TDB_000009583,2024-09-19 22:16:18,TDB_CUST_5214938,TSLA,BUY,1,638.02
TDB_000009584,2024-09-19 22:16:18,TDB_CUST_5214938,TSLA,BUY,1,638.02
TDB_000009585,2024-09-19 22:16:18,TDB_CUST_5214938,TSLA,BUY,1,638.02
TDB_000009586,2024-09-19 22:16:18,TDB_CUST_5214938,TSLA,BUY,1,638.02
TDB_000009587,2024-09-19 22:16:18,TDB_CUST_5214938,TSLA,BUY,1,638.02
TDB_000009588,2024-09-19 22:16:18,TDB_CUST_5214938,TSLA,BUY,1,638.02
TDB_000009589,2024-09-19 22:16:18,TDB_CUST_5214938,TSLA,BUY,1,638.02
TDB_000009590,2024-09-19 22:16:18,TDB_CUST_5214938,TSLA,BUY,1,638.02
TDB_000009591,2024-09-19 22:16:18,TDB_CUST_5214938,TSLA,BUY,1,638.02
TDB_000009592,2024-09-19 22:16:18,TDB_CUST_5214938,TSLA,BUY,1,638.02
TDB_000009593,2024-09-19 22:16:18,TDB_CUST_5214938,TSLA,BUY,1,638.02
TDB_000009594,2024-09-19 22:16:18,TDB_CUST_5214938,TSLA,BUY,1,638.02
TDB_000009595,2024-09-19 22:16:18,TDB_CUST_5214938,TSLA,BUY,1,638.02
TDB_000009596,2024-09-19 22:16:18,TDB_CUST_5214938,TSLA,BUY,1,638.02
TDB_000009597,2024-09-19 22:16:18,TDB_CUST_5214938,TSLA,BUY,1,638.02
TDB_000009598,2024-09-19 22:16:18,TDB_CUST_5214938,TSLA,BUY,1,638.02
TDB_000009599,2024-09-19 22:16:18,TDB_CUST_5214938,TSLA,BUY,1,638.02
TDB_000009600,2024-09-19 22:16:18,TDB_CUST_5214938,TSLA,BUY,1,638.02
TDB_000009601,2024-09-19 22:16:18,TDB_CUST_5214938,TSLA,BUY,1,638.02
TDB_000009602,2024-09-19 22:16:18,TDB_CUST_5214938,TSLA,BUY,1,638.02
TDB_000009603,2024-09-19 22:16:18,TDB_CUST_5214938,TSLA,BUY,1,638.02
TDB_000009604,2024-09-19 22:16:18,TDB_CUST_5214938,TSLA,BUY,1,638.02
TDB_000009605,2024-09-19 22:16:18,TDB_CUST_5214938,TSLA,BUY,1,638.02
TDB_000009606,2024-09-19 22:16:18,TDB_CUST_5214938,TSLA,BUY,1,638.02
TDB_000009607,2024-09-19 22:16:18,TDB_CUST_5214938,TSLA,BUY,1,638.02
TDB_000009608,2024-09-19 22:16:18,TDB_CUST_5214938,TSLA,BUY,1,638.02
TDB_000009609,2024-09-19 22:16:18,TDB_CUST_5214938,TSLA,BUY,1,638.02
TDB_000009610,2024-09-19 22:16:18,TDB_CUST_5214938,TSLA,BUY,1,638.02
TDB_000009611,2024-09-19 22:16:18,TDB_CUST_5214938,TSLA,BUY,1,638.02
TDB_000009612,2024-09-19 22:16:18,TDB_CUST_5214938,TSLA,BUY,1,638.02
TDB_000009613,2024-09-19 22:16:18,TDB_CUST_5214938,TSLA,BUY,1,638.02
TDB_000009614,2024-09-19 22:16:18,TDB_CUST_5214938,TSLA,BUY,1,638.02
TDB_000009615,2024-09-19 22:16:18,TDB_CUST_5214938,TSLA,BUY,1,638.02
TDB_000009616,2024-09-19 22:16:18,TDB_CUST_5214938,TSLA,BUY,1,638.02
TDB_000009617,2024-09-19 22:16:18,TDB_CUST_5214938,TSLA,BUY,1,638.02
TDB_000009618,2024-09-19 22:16:18,TDB_CUST_5214938,TSLA,BUY,1,638.02
TDB_000009619,2024-09-19 22:16:18,TDB_CUST_5214938,TSLA,BUY,1,638.02
TDB_000009620,2024-09-19 22:16:18,TDB_CUST_5214938,TSLA,BUY,1,638.02
TDB_000009621,2024-09-19 22:16:18,TDB_CUST_5214938,TSLA,BUY,1,638.02
TDB_000009622,2024-09-19 22:16:18,TDB_CUST_5214938,TSLA,BUY,1,638.02
TDB_000009623,2024-09-19 22:16:18,TDB_CUST_5214938,TSLA,BUY,1,638.02
TDB_000009624,2024-09-19 22:16:18,TDB_CUST_5214938,TSLA,BUY,1,638.02
TDB_000009625,2024-09-19 22:16:18,TDB_CUST_5214938,TSLA,BUY,1,638.02
TDB_000009626,2024-09-19 22:16:18,TDB_CUST_5214938,TSLA,BUY,1,638.02
TDB_000009627,2024-09-19 22:16:18,TDB_CUST_5214938,TSLA,BUY,1,638.02
TDB_000009628,2024-09-19 22:16:18,TDB_CUST_5214938,TSLA,BUY,1,638.02
TDB_000009629,2024-09-19 22:16:18,TDB_CUST_5214938,TSLA,BUY,1,638.02
TDB_000009630,2024-09-19 22:16:18,TDB_CUST_5214938,TSLA,BUY,1,638.02
TDB_000009631,2024-09-19 22:16:18,TDB_CUST_5214938,TSLA,BUY,1,638.02
TDB_000009632,2024-09-19 22:16:18,TDB_CUST_5214938,TSLA,BUY,1,638.02
TDB_000009633,2024-09-19 22:16:18,TDB_CUST_5214938,TSLA,BUY,1,638.02
TDB_000009634,2024-09-19 22:16:18,TDB_CUST_5214938,TSLA,BUY,1,638.02
TDB_000009635,2024-09-19 22:16:18,TDB_CUST_5214938,TSLA,BUY,1,638.02
TDB_000009636,2024-09-19 22:16:18,TDB_CUST_5214938,TSLA,BUY,1,638.02
TDB_000009637,2024-09-19 22:16:18,TDB_CUST_5214938,TSLA,BUY,1,638.02
TDB_000009638,2024-09-19 22:16:18,TDB_CUST_5214938,TSLA,BUY,1,638.02
TDB_000009639,2024-09-19 22:16:18,TDB_CUST_5214938,TSLA,BUY,1,638.02
TDB_000009640,2024-09-19 22:16:18,TDB_CUST_5214938,TSLA,BUY,1,638.02
TDB_000009641,2024-09-19 22:16:18,TDB_CUST_5214938,TSLA,BUY,1,638.02
TDB_000009642,2024-09-19 22:16:18,TDB_CUST_5214938,TSLA,BUY,1,638.02
TDB_000009643,2024-09-19 22:16:18,TDB_CUST_5214938,TSLA,BUY,1,638.02
TDB_000009644,2024-09-19 22:16:18,TDB_CUST_5214938,TSLA,BUY,1,638.02
TDB_000009645,2024-09-19 22:16:18,TDB_CUST_5214938,TSLA,BUY,1,638.02
TDB_000009646,2024-09-19 22:16:18,TDB_CUST_5214938,TSLA,BUY,1,638.02
TDB_000009647,2024-09-19 22:16:18,TDB_CUST_5214938,TSLA,BUY,1,638.02
TDB_000009648,2024-09-19 22:16:18,TDB_CUST_5214938,TSLA,BUY,1,638.02
TDB_000009649,2024-09-19 22:16:18,TDB_CUST_5214938,TSLA,BUY,1,638.02
TDB_000009650,2024-09-19 22:16:18,TDB_CUST_5214938,TSLA,BUY,1,638.02
TDB_000009651,2024-09-19 22:16:18,TDB_CUST_5214938,TSLA,BUY,1,638.02
TDB_000009652,2024-09-19 22:16:18,TDB_CUST_5214938,TSLA,BUY,1,638.02
TDB_000009653,2024-09-19 22:16:18,TDB_CUST_5214938,TSLA,BUY,1,638.02
TDB_000009654,2024-09-19 22:16:18,TDB_CUST_5214938,TSLA,BUY,1,638.02
TDB_000009655,2024-09-19 22:16:18,TDB_CUST_5214938,TSLA,BUY,1,638.02
TDB_000009656,2024-09-19 22:16:18,TDB_CUST_5214938,TSLA,BUY,1,638.02
TDB_000009657,2024-09-19 22:16:18,TDB_CUST_5214938,TSLA,BUY,1,638.02
TDB_000009658,2024-09-19 22:16:18,TDB_CUST_5214938,TSLA,BUY,1,638.02
TDB_000009659,2024-09-19 22:16:18,TDB_CUST_5214938,TSLA,BUY,1,638.02
TDB_000009660,2024-09-19 22:16:18,TDB_CUST_5214938,TSLA,BUY,1,638.02
TDB_000009661,2024-09-19 22:16:18,TDB_CUST_5214938,TSLA,BUY,1,638.02
TDB_000009662,2024-09-19 22:16:18,TDB_CUST_5214938,TSLA,BUY,1,638.02
TDB_000009663,2024-09-19 22:16:18,TDB_CUST_5214938,TSLA,BUY,1,638.02
TDB_000009664,2024-09-19 22:16:18,TDB_CUST_5214938,TSLA,BUY,1,638.02
TDB_000009665,2024-09-19 22:16:18,TDB_CUST_5214938,TSLA,BUY,1,638.02
TDB_000009666,2024-09-19 22:16:18,TDB_CUST_5214938,TSLA,BUY,1,638.02
TDB_000009667,2024-09-19 22:16:18,TDB_CUST_5214938,TSLA,BUY,1,638.02
TDB_000009668,2024-09-19 22:16:18,TDB_CUST_5214938,TSLA,BUY,1,638.02
TDB_000009669,2024-09-19 22:16:18,TDB_CUST_5214938,TSLA,BUY,1,638.02
TDB_000009670,2024-09-19 22:16:18,TDB_CUST_5214938,TSLA,BUY,1,638.02
TDB_000009671,2024-09-19 22:16:18,TDB_CUST_5214938,TSLA,BUY,1,638.02
TDB_000009672,2024-09-19 22:16:18,TDB_CUST_5214938,TSLA,BUY,1,638.02
TDB_000009673,2024-09-19 22:16:18,TDB_CUST_5214938,TSLA,BUY,1,638.02
TDB_000009674,2024-09-19 22:16:18,TDB_CUST_5214938,TSLA,BUY,1,638.02
TDB_000009675,2024-09-19 22:16:18,TDB_CUST_5214938,TSLA,BUY,1,638.02
TDB_000009676,2024-09-19 22:16:18,TDB_CUST_5214938,TSLA,BUY,1,638.02
TDB_000009677,2024-09-19 22:16:18,TDB_CUST_5214938,TSLA,BUY,1,638.02
TDB_000009678,2024-09-19 22:16:18,TDB_CUST_5214938,TSLA,BUY,1,638.02
TDB_000009679,2024-09-19 22:16:18,TDB_CUST_5214938,TSLA,BUY,1,638.02
TDB_000009680,2024-09-19 22:16:18,TDB_CUST_5214938,TSLA,BUY,1,638.02
TDB_000009681,2024-09-19 22:16:18,TDB_CUST_5214938,TSLA,BUY,1,638.02
TDB_000009682,2024-09-19 22:16:18,TDB_CUST_5214938,TSLA,BUY,1,638.02
TDB_000009683,2024-09-19 22:16:18,TDB_CUST_5214938,TSLA,BUY,1,638.02
TDB_000009684,2024-09-19 22:16:18,TDB_CUST_5214938,TSLA,BUY,1,638.02
TDB_000009685,2024-09-19 22:16:18,TDB_CUST_5214938,TSLA,BUY,1,638.02
TDB_000009686,2024-09-19 22:16:18,TDB_CUST_5214938,TSLA,BUY,1,638.02
TDB_000009687,2024-09-19 22:16:18,TDB_CUST_5214938,TSLA,BUY,1,638.02
TDB_000009688,2024-09-19 22:16:18,TDB_CUST_5214938,TSLA,BUY,1,638.02
TDB_000009689,2024-09-19 22:16:18,TDB_CUST_5214938,TSLA,BUY,1,638.02
TDB_000009690,2024-09-19 22:16:18,TDB_CUST_5214938,TSLA,BUY,1,638.02
TDB_000009691,2024-09-19 22:16:18,TDB_CUST_5214938,TSLA,BUY,1,638.02
TDB_000009692,2024-09-19 22:16:18,TDB_CUST_5214938,TSLA,BUY,1,638.02
TDB_000009693,2024-09-19 22:16:18,TDB_CUST_5214938,TSLA,BUY,1,638.02
TDB_000009694,2024-09-19 22:16:18,TDB_CUST_5214938,TSLA,BUY,1,638.02
TDB_000009695,2024-09-19 22:16:18,TDB_CUST_5214938,TSLA,BUY,1,638.02
TDB_000009696,2024-09-19 22:16:18,TDB_CUST_5214938,TSLA,BUY,1,638.02
TDB_000009697,2024-09-19 22:16:18,TDB_CUST_5214938,TSLA,BUY,1,638.02
TDB_000009698,2024-09-19 22:16:18,TDB_CUST_5214938,TSLA,BUY,1,638.02
TDB_000009699,2024-09-19 22:16:18,TDB_CUST_5214938,TSLA,BUY,1,638.02
TDB_000009700,2024-09-19 22:16:18,TDB_CUST_5214938,TSLA,BUY,1,638.02
TDB_000009701,2024-09-19 22:16:18,TDB_CUST_5214938,TSLA,BUY,1,638.02
TDB_000009702,2024-09-19 22:16:18,TDB_CUST_5214938,TSLA,BUY,1,638.02
TDB_000009703,2024-09-19 22:16:18,TDB_CUST_5214938,TSLA,BUY,1,638.02
TDB_000009704,2024-09-19 22:16:18,TDB_CUST_5214938,TSLA,BUY,1,638.02
TDB_000009705,2024-09-19 22:16:18,TDB_CUST_5214938,TSLA,BUY,1,638.02
TDB_000009706,2024-09-19 22:16:18,TDB_CUST_5214938,TSLA,BUY,1,638.02
TDB_000009707,2024-09-19 22:16:18,TDB_CUST_5214938,TSLA,BUY,1,638.02
TDB_000009708,2024-09-19 22:16:18,TDB_CUST_5214938,TSLA,BUY,1,638.02
TDB_000009709,2024-09-19 22:16:18,TDB_CUST_5214938,TSLA,BUY,1,638.02
TDB_000009710,2024-09-19 22:16:18,TDB_CUST_5214938,TSLA,BUY,1,638.02
TDB_000009711,2024-09-19 22:16:18,TDB_CUST_5214938,TSLA,BUY,1,638.02
TDB_000009712,2024-09-19 22:16:18,TDB_CUST_5214938,TSLA,BUY,1,638.02
TDB_000009713,2024-09-19 22:16:18,TDB_CUST_5214938,TSLA,BUY,1,638.02
TDB_000009714,2024-09-19 22:16:18,TDB_CUST_5214938,TSLA,BUY,1,638.02
TDB_000009715,2024-09-19 22:16:18,TDB_CUST_5214938,TSLA,BUY,1,638.02
TDB_000009716,2024-09-19 22:16:18,TDB_CUST_5214938,TSLA,BUY,1,638.02
TDB_000009717,2024-09-19 22:16:18,TDB_CUST_5214938,TSLA,BUY,1,638.02
TDB_000009718,2024-09-19 22:16:18,TDB_CUST_5214938,TSLA,BUY,1,638.02
TDB_000009719,2024-09-19 22:16:18,TDB_CUST_5214938,TSLA,BUY,1,638.02
TDB_000009720,2024-09-19 22:16:18,TDB_CUST_5214938,TSLA,BUY,1,638.02
TDB_000009721,2024-09-19 22:16:18,TDB_CUST_5214938,TSLA,BUY,1,638.02
TDB_000009722,2024-09-19 22:16:18,TDB_CUST_5214938,TSLA,BUY,1,638.02
TDB_000009723,2024-09-19 22:16:18,TDB_CUST_5214938,TSLA,BUY,1,638.02
TDB_000009724,2024-09-19 22:16:18,TDB_CUST_5214938,TSLA,BUY,1,638.02
TDB_000009725,2024-09-19 22:16:18,TDB_CUST_5214938,TSLA,BUY,1,638.02
TDB_000009726,2024-09-19 22:16:18,TDB_CUST_5214938,TSLA,BUY,1,638.02
TDB_000009727,2024-09-19 22:16:18,TDB_CUST_5214938,TSLA,BUY,1,638.02
TDB_000009728,2024-09-19 22:16:18,TDB_CUST_5214938,TSLA,BUY,1,638.02
TDB_000009729,2024-09-19 22:16:18,TDB_CUST_5214938,TSLA,BUY,1,638.02
TDB_000009730,2024-09-19 22:16:18,TDB_CUST_5214938,TSLA,BUY,1,638.02
TDB_000009731,2024-09-19 22:16:18,TDB_CUST_5214938,TSLA,BUY,1,638.02
TDB_000009732,2024-09-19 22:16:18,TDB_CUST_5214938,TSLA,BUY,1,638.02
TDB_000009733,2024-09-19 22:16:18,TDB_CUST_5214938,TSLA,BUY,1,638.02
TDB_000009734,2024-09-19 22:16:18,TDB_CUST_5214938,TSLA,BUY,1,638.02
TDB_000009735,2024-09-19 22:16:18,TDB_CUST_5214938,TSLA,BUY,1,638.02
TDB_000009736,2024-09-19 22:16:18,TDB_CUST_5214938,TSLA,BUY,1,638.02
TDB_000009737,2024-09-19 22:16:18,TDB_CUST_5214938,TSLA,BUY,1,638.02
TDB_000009738,2024-09-19 22:16:18,TDB_CUST_5214938,TSLA,BUY,1,638.02
TDB_000009739,2024-09-19 22:16:18,TDB_CUST_5214938,TSLA,BUY,1,638.02
TDB_000009740,2024-09-19 22:16:18,TDB_CUST_5214938,TSLA,BUY,1,638.02
TDB_000009741,2024-09-19 22:16:18,TDB_CUST_5214938,TSLA,BUY,1,638.02
TDB_000009742,2024-09-19 22:16:18,TDB_CUST_5214938,TSLA,BUY,1,638.02
TDB_000009743,2024-09-19 22:16:18,TDB_CUST_5214938,TSLA,BUY,1,638.02
TDB_000009744,2024-09-19 22:16:18,TDB_CUST_5214938,TSLA,BUY,1,638.02
TDB_000009745,2024-09-19 22:16:18,TDB_CUST_5214938,TSLA,BUY,1,638.02
TDB_000009746,2024-09-19 22:16:18,TDB_CUST_5214938,TSLA,BUY,1,638.02
TDB_000009747,2024-09-19 22:16:18,TDB_CUST_5214938,TSLA,BUY,1,638.02
TDB_000009748,2024-09-19 22:16:18,TDB_CUST_5214938,TSLA,BUY,1,638.02
TDB_000009749,2024-09-19 22:16:18,TDB_CUST_5214938,TSLA,BUY,1,638.02
TDB_000009750,2024-09-19 22:16:18,TDB_CUST_5214938,TSLA,BUY,1,638.02
TDB_000009751,2024-09-19 22:16:18,TDB_CUST_5214938,TSLA,BUY,1,638.02
TDB_000009752,2024-09-19 22:16:18,TDB_CUST_5214938,TSLA,BUY,1,638.02
TDB_000009753,2024-09-19 22:16:18,TDB_CUST_5214938,TSLA,BUY,1,638.02
TDB_000009754,2024-09-19 22:16:18,TDB_CUST_5214938,TSLA,BUY,1,638.02
TDB_000009755,2024-09-19 22:16:18,TDB_CUST_5214938,TSLA,BUY,1,638.02
TDB_000009756,2024-09-19 22:16:18,TDB_CUST_5214938,TSLA,BUY,1,638.02
TDB_000009757,2024-09-19 22:16:18,TDB_CUST_5214938,TSLA,BUY,1,638.02
TDB_000009758,2024-09-19 22:16:18,TDB_CUST_5214938,TSLA,BUY,1,638.02
TDB_000009759,2024-09-19 22:16:18,TDB_CUST_5214938,TSLA,BUY,1,638.02
TDB_000009760,2024-09-19 22:16:18,TDB_CUST_5214938,TSLA,BUY,1,638.02
TDB_000009761,2024-09-19 22:16:18,TDB_CUST_5214938,TSLA,BUY,1,638.02
TDB_000009762,2024-09-19 22:16:18,TDB_CUST_5214938,TSLA,BUY,1,638.02
TDB_000009763,2024-09-19 22:16:18,TDB_CUST_5214938,TSLA,BUY,1,638.02
TDB_000009764,2024-09-19 22:16:18,TDB_CUST_5214938,TSLA,BUY,1,638.02
TDB_000009765,2024-09-19 22:16:18,TDB_CUST_5214938,TSLA,BUY,1,638.02
TDB_000009766,2024-09-19 22:16:18,TDB_CUST_5214938,TSLA,BUY,1,638.02
TDB_000009767,2024-09-19 22:16:18,TDB_CUST_5214938,TSLA,BUY,1,638.02
TDB_000009768,2024-09-19 22:16:18,TDB_CUST_5214938,TSLA,BUY,1,638.02
TDB_000009769,2024-09-19 22:16:18,TDB_CUST_5214938,TSLA,BUY,1,638.02
TDB_000009770,2024-09-19 22:16:18,TDB_CUST_5214938,TSLA,BUY,1,638.02
TDB_000009771,2024-09-19 22:16:18,TDB_CUST_5214938,TSLA,BUY,1,638.02
TDB_000009772,2024-09-19 22:16:18,TDB_CUST_5214938,TSLA,BUY,1,638.02
TDB_000009773,2024-09-19 22:16:18,TDB_CUST_5214938,TSLA,BUY,1,638.02
TDB_000009774,2024-09-19 22:16:18,TDB_CUST_5214938,TSLA,BUY,1,638.02
TDB_000009775,2024-09-19 22:16:18,TDB_CUST_5214938,TSLA,BUY,1,638.02
TDB_000009776,2024-09-19 22:16:18,TDB_CUST_5214938,TSLA,BUY,1,638.02
TDB_000009777,2024-09-19 22:16:18,TDB_CUST_5214938,TSLA,BUY,1,638.02
TDB_000009778,2024-09-19 22:16:18,TDB_CUST_5214938,TSLA,BUY,1,638.02
TDB_000009779,2024-09-19 22:16:18,TDB_CUST_5214938,TSLA,BUY,1,638.02
TDB_000009780,2024-09-19 22:16:18,TDB_CUST_5214938,TSLA,BUY,1,638.02
TDB_000009781,2024-09-19 22:16:18,TDB_CUST_5214938,TSLA,BUY,1,638.02
TDB_000009782,2024-09-19 22:16:18,TDB_CUST_5214938,TSLA,BUY,1,638.02
TDB_000009783,2024-09-19 22:16:18,TDB_CUST_5214938,TSLA,BUY,1,638.02
TDB_000009784,2024-09-19 22:16:18,TDB_CUST_5214938,TSLA,BUY,1,638.02
TDB_000009785,2024-09-19 22:16:18,TDB_CUST_5214938,TSLA,BUY,1,638.02
TDB_000009786,2024-09-19 22:16:18,TDB_CUST_5214938,TSLA,BUY,1,638.02
TDB_000009787,2024-09-19 22:16:18,TDB_CUST_5214938,TSLA,BUY,1,638.02
TDB_000009788,2024-09-19 22:16:18,TDB_CUST_5214938,TSLA,BUY,1,638.02
TDB_000009789,2024-09-19 22:16:18,TDB_CUST_5214938,TSLA,BUY,1,638.02
TDB_000009790,2024-09-19 22:16:18,TDB_CUST_5214938,TSLA,BUY,1,638.02
TDB_000009791,2024-09-19 22:16:18,TDB_CUST_5214938,TSLA,BUY,1,638.02
TDB_000009792,2024-09-19 22:16:18,TDB_CUST_5214938,TSLA,BUY,1,638.02
TDB_000009793,2024-09-19 22:16:18,TDB_CUST_5214938,TSLA,BUY,1,638.02
TDB_000009794,2024-09-19 22:16:18,TDB_CUST_5214938,TSLA,BUY,1,638.02
TDB_000009795,2024-09-19 22:16:18,TDB_CUST_5214938,TSLA,BUY,1,638.02
TDB_000009796,2024-09-19 22:16:18,TDB_CUST_5214938,TSLA,BUY,1,638.02
TDB_000009797,2024-09-19 22:16:18,TDB_CUST_5214938,TSLA,BUY,1,638.02
TDB_000009798,2024-09-19 22:16:18,TDB_CUST_5214938,TSLA,BUY,1,638.02
TDB_000009799,2024-09-19 22:16:18,TDB_CUST_5214938,TSLA,BUY,1,638.02
TDB_000009800,2024-09-19 22:16:18,TDB_CUST_5214938,TSLA,BUY,1,638.02
TDB_000009801,2024-09-19 22:16:18,TDB_CUST_5214938,TSLA,BUY,1,638.02
TDB_000009802,2024-09-19 22:16:18,TDB_CUST_5214938,TSLA,BUY,1,638.02
TDB_000009803,2024-09-19 22:16:18,TDB_CUST_5214938,TSLA,BUY,1,638.02
TDB_000009804,2024-09-19 22:16:18,TDB_CUST_5214938,TSLA,BUY,1,638.02
TDB_000009805,2024-09-19 22:16:18,TDB_CUST_5214938,TSLA,BUY,1,638.02
TDB_000009806,2024-09-19 22:16:18,TDB_CUST_5214938,TSLA,BUY,1,638.02
TDB_000009807,2024-09-19 22:16:18,TDB_CUST_5214938,TSLA,BUY,1,638.02
TDB_000009808,2024-09-19 22:16:18,TDB_CUST_5214938,TSLA,BUY,1,638.02
TDB_000009809,2024-09-19 22:16:18,TDB_CUST_5214938,TSLA,BUY,1,638.02
TDB_000009810,2024-09-19 22:16:18,TDB_CUST_5214938,TSLA,BUY,1,638.02
TDB_000009811,2024-09-19 22:16:18,TDB_CUST_5214938,TSLA,BUY,1,638.02
TDB_000009812,2024-09-19 22:16:18,TDB_CUST_5214938,TSLA,BUY,1,638.02
TDB_000009813,2024-09-19 22:16:18,TDB_CUST_5214938,TSLA,BUY,1,638.02
TDB_000009814,2024-09-19 22:16:18,TDB_CUST_5214938,TSLA,BUY,1,638.02
TDB_000009815,2024-09-19 22:16:18,TDB_CUST_5214938,TSLA,BUY,1,638.02
TDB_000009816,2024-09-19 22:16:18,TDB_CUST_5214938,TSLA,BUY,1,638.02
TDB_000009817,2024-09-19 22:16:18,TDB_CUST_5214938,TSLA,BUY,1,638.02
TDB_000009818,2024-09-19 22:16:18,TDB_CUST_5214938,TSLA,BUY,1,638.02
TDB_000009819,2024-09-19 22:16:18,TDB_CUST_5214938,TSLA,BUY,1,638.02
TDB_000009820,2024-09-19 22:16:18,TDB_CUST_5214938,TSLA,BUY,1,638.02
TDB_000009821,2024-09-19 22:16:18,TDB_CUST_5214938,TSLA,BUY,1,638.02
TDB_000009822,2024-09-19 22:16:18,TDB_CUST_5214938,TSLA,BUY,1,638.02
TDB_000009823,2024-09-19 22:16:18,TDB_CUST_5214938,TSLA,BUY,1,638.02
TDB_000009824,2024-09-19 22:16:18,TDB_CUST_5214938,TSLA,BUY,1,638.02
TDB_000009825,2024-09-19 22:16:18,TDB_CUST_5214938,TSLA,BUY,1,638.02
TDB_000009826,2024-09-19 22:16:18,TDB_CUST_5214938,TSLA,BUY,1,638.02
TDB_000009827,2024-09-19 22:16:18,TDB_CUST_5214938,TSLA,BUY,1,638.02
TDB_000009828,2024-09-19 22:16:18,TDB_CUST_5214938,TSLA,BUY,1,638.02
TDB_000009829,2024-09-19 22:16:18,TDB_CUST_5214938,TSLA,BUY,1,638.02
TDB_000009830,2024-09-19 22:16:18,TDB_CUST_5214938,TSLA,BUY,1,638.02
TDB_000009831,2024-09-19 22:16:18,TDB_CUST_5214938,TSLA,BUY,1,638.02
TDB_000009832,2024-09-19 22:16:18,TDB_CUST_5214938,TSLA,BUY,1,638.02
TDB_000009833,2024-09-19 22:16:18,TDB_CUST_5214938,TSLA,BUY,1,638.02
TDB_000009834,2024-09-19 22:16:18,TDB_CUST_5214938,TSLA,BUY,1,638.02
TDB_000009835,2024-09-19 22:16:18,TDB_CUST_5214938,TSLA,BUY,1,638.02
TDB_000009836,2024-09-19 22:16:18,TDB_CUST_5214938,TSLA,BUY,1,638.02
TDB_000009837,2024-09-19 22:16:18,TDB_CUST_5214938,TSLA,BUY,1,638.02
TDB_000009838,2024-09-19 22:16:18,TDB_CUST_5214938,TSLA,BUY,1,638.02
TDB_000009839,2024-09-19 22:16:18,TDB_CUST_5214938,TSLA,BUY,1,638.02
TDB_000009840,2024-09-19 22:16:18,TDB_CUST_5214938,TSLA,BUY,1,638.02
TDB_000009841,2024-09-19 22:16:18,TDB_CUST_5214938,TSLA,BUY,1,638.02
TDB_000009842,2024-09-19 22:16:18,TDB_CUST_5214938,TSLA,BUY,1,638.02
TDB_000009843,2024-09-19 22:16:18,TDB_CUST_5214938,TSLA,BUY,1,638.02
TDB_000009844,2024-09-19 22:16:18,TDB_CUST_5214938,TSLA,BUY,1,638.02
TDB_000009845,2024-09-19 22:16:18,TDB_CUST_5214938,TSLA,BUY,1,638.02
TDB_000009846,2024-09-19 22:16:18,TDB_CUST_5214938,TSLA,BUY,1,638.02
TDB_000009847,2024-09-19 22:16:18,TDB_CUST_5214938,TSLA,BUY,1,638.02
TDB_000009848,2024-09-19 22:16:18,TDB_CUST_5214938,TSLA,BUY,1,638.02
TDB_000009849,2024-09-19 22:16:18,TDB_CUST_5214938,TSLA,BUY,1,638.02
TDB_000009850,2024-09-19 22:16:18,TDB_CUST_5214938,TSLA,BUY,1,638.02
TDB_000009851,2024-09-19 22:16:18,TDB_CUST_5214938,TSLA,BUY,1,638.02
TDB_000009852,2024-09-19 22:16:18,TDB_CUST_5214938,TSLA,BUY,1,638.02
TDB_000009853,2024-09-19 22:16:18,TDB_CUST_5214938,TSLA,BUY,1,638.02
TDB_000009854,2024-09-19 22:16:18,TDB_CUST_5214938,TSLA,BUY,1,638.02
TDB_000009855,2024-09-19 22:16:18,TDB_CUST_5214938,TSLA,BUY,1,638.02
TDB_000009856,2024-09-19 22:16:18,TDB_CUST_5214938,TSLA,BUY,1,638.02
TDB_000009857,2024-09-19 22:16:18,TDB_CUST_5214938,TSLA,BUY,1,638.02
TDB_000009858,2024-09-19 22:16:18,TDB_CUST_5214938,TSLA,BUY,1,638.02
TDB_000009859,2024-09-19 22:16:18,TDB_CUST_5214938,TSLA,BUY,1,638.02
TDB_000009860,2024-09-19 22:16:18,TDB_CUST_5214938,TSLA,BUY,1,638.02
TDB_000009861,2024-09-19 22:16:18,TDB_CUST_5214938,TSLA,BUY,1,638.02
TDB_000009862,2024-09-19 22:16:18,TDB_CUST_5214938,TSLA,BUY,1,638.02
TDB_000009863,2024-09-19 22:16:18,TDB_CUST_5214938,TSLA,BUY,1,638.02
TDB_000009864,2024-09-19 22:16:18,TDB_CUST_5214938,TSLA,BUY,1,638.02
TDB_000009865,2024-09-19 22:16:18,TDB_CUST_5214938,TSLA,BUY,1,638.02
TDB_000009866,2024-09-19 22:16:18,TDB_CUST_5214938,TSLA,BUY,1,638.02
TDB_000009867,2024-09-19 22:16:18,TDB_CUST_5214938,TSLA,BUY,1,638.02
TDB_000009868,2024-09-19 22:16:18,TDB_CUST_5214938,TSLA,BUY,1,638.02
TDB_000009869,2024-09-19 22:16:18,TDB_CUST_5214938,TSLA,BUY,1,638.02
TDB_000009870,2024-09-19 22:16:18,TDB_CUST_5214938,TSLA,BUY,1,638.02
TDB_000009871,2024-09-19 22:16:18,TDB_CUST_5214938,TSLA,BUY,1,638.02
TDB_000009872,2024-09-19 22:16:18,TDB_CUST_5214938,TSLA,BUY,1,638.02
TDB_000009873,2024-09-19 22:16:18,TDB_CUST_5214938,TSLA,BUY,1,638.02
TDB_000009874,2024-09-19 22:16:18,TDB_CUST_5214938,TSLA,BUY,1,638.02
TDB_000009875,2024-09-19 22:16:18,TDB_CUST_5214938,TSLA,BUY,1,638.02
TDB_000009876,2024-09-19 22:16:18,TDB_CUST_5214938,TSLA,BUY,1,638.02
TDB_000009877,2024-09-19 22:16:18,TDB_CUST_5214938,TSLA,BUY,1,638.02
TDB_000009878,2024-09-19 22:16:18,TDB_CUST_5214938,TSLA,BUY,1,638.02
TDB_000009879,2024-09-19 22:16:18,TDB_CUST_5214938,TSLA,BUY,1,638.02
TDB_000009880,2024-09-19 22:16:18,TDB_CUST_5214938,TSLA,BUY,1,638.02
TDB_000009881,2024-09-19 22:16:18,TDB_CUST_5214938,TSLA,BUY,1,638.02
TDB_000009882,2024-09-19 22:16:18,TDB_CUST_5214938,TSLA,BUY,1,638.02
TDB_000009883,2024-09-19 22:16:18,TDB_CUST_5214938,TSLA,BUY,1,638.02
TDB_000009884,2024-09-19 22:16:18,TDB_CUST_5214938,TSLA,BUY,1,638.02
TDB_000009885,2024-09-19 22:16:18,TDB_CUST_5214938,TSLA,BUY,1,638.02
TDB_000009886,2024-09-19 22:16:18,TDB_CUST_5214938,TSLA,BUY,1,638.02
TDB_000009887,2024-09-19 22:16:18,TDB_CUST_5214938,TSLA,BUY,1,638.02
TDB_000009888,2024-09-19 22:16:18,TDB_CUST_5214938,TSLA,BUY,1,638.02
TDB_000009889,2024-09-19 22:16:18,TDB_CUST_5214938,TSLA,BUY,1,638.02
TDB_000009890,2024-09-19 22:16:18,TDB_CUST_5214938,TSLA,BUY,1,638.02
TDB_000009891,2024-09-19 22:16:18,TDB_CUST_5214938,TSLA,BUY,1,638.02
TDB_000009892,2024-09-19 22:16:18,TDB_CUST_5214938,TSLA,BUY,1,638.02
TDB_000009893,2024-09-19 22:16:18,TDB_CUST_5214938,TSLA,BUY,1,638.02
TDB_000009894,2024-09-19 22:16:18,TDB_CUST_5214938,TSLA,BUY,1,638.02
TDB_000009895,2024-09-19 22:16:18,TDB_CUST_5214938,TSLA,BUY,1,638.02
TDB_000009896,2024-09-19 22:16:18,TDB_CUST_5214938,TSLA,BUY,1,638.02
TDB_000009897,2024-09-19 22:16:18,TDB_CUST_5214938,TSLA,BUY,1,638.02
TDB_000009898,2024-09-19 22:16:18,TDB_CUST_5214938,TSLA,BUY,1,638.02
TDB_000009899,2024-09-19 22:16:18,TDB_CUST_5214938,TSLA,BUY,1,638.02
TDB_000009900,2024-09-19 22:16:18,TDB_CUST_5214938,TSLA,BUY,1,638.02
TDB_000009901,2024-09-19 22:16:18,TDB_CUST_5214938,TSLA,BUY,1,638.02
TDB_000009902,2024-09-19 22:16:18,TDB_CUST_5214938,TSLA,BUY,1,638.02
TDB_000009903,2024-09-19 22:16:18,TDB_CUST_5214938,TSLA,BUY,1,638.02
TDB_000009904,2024-09-19 22:16:18,TDB_CUST_5214938,TSLA,BUY,1,638.02
TDB_000009905,2024-09-19 22:16:18,TDB_CUST_5214938,TSLA,BUY,1,638.02
TDB_000009906,2024-09-19 22:16:18,TDB_CUST_5214938,TSLA,BUY,1,638.02
TDB_000009907,2024-09-19 22:16:18,TDB_CUST_5214938,TSLA,BUY,1,638.02
TDB_000009908,2024-09-19 22:16:18,TDB_CUST_5214938,TSLA,BUY,1,638.02
TDB_000009909,2024-09-19 22:16:18,TDB_CUST_5214938,TSLA,BUY,1,638.02
TDB_000009910,2024-09-19 22:16:18,TDB_CUST_5214938,TSLA,BUY,1,638.02
TDB_000009911,2024-09-19 22:16:18,TDB_CUST_5214938,TSLA,BUY,1,638.02
TDB_000009912,2024-09-19 22:16:18,TDB_CUST_5214938,TSLA,BUY,1,638.02
TDB_000009913,2024-09-19 22:16:18,TDB_CUST_5214938,TSLA,BUY,1,638.02
TDB_000009914,2024-09-19 22:16:18,TDB_CUST_5214938,TSLA,BUY,1,638.02
TDB_000009915,2024-09-19 22:16:18,TDB_CUST_5214938,TSLA,BUY,1,638.02
TDB_000009916,2024-09-19 22:16:18,TDB_CUST_5214938,TSLA,BUY,1,638.02
TDB_000009917,2024-09-19 22:16:18,TDB_CUST_5214938,TSLA,BUY,1,638.02
TDB_000009918,2024-09-19 22:16:18,TDB_CUST_5214938,TSLA,BUY,1,638.02
TDB_000009919,2024-09-19 22:16:18,TDB_CUST_5214938,TSLA,BUY,1,638.02
TDB_000009920,2024-09-19 22:16:18,TDB_CUST_5214938,TSLA,BUY,1,638.02
TDB_000009921,2024-09-19 22:16:18,TDB_CUST_5214938,TSLA,BUY,1,638.02
TDB_000009922,2024-09-19 22:16:18,TDB_CUST_5214938,TSLA,BUY,1,638.02
TDB_000009923,2024-09-19 22:16:18,TDB_CUST_5214938,TSLA,BUY,1,638.02
TDB_000009924,2024-09-19 22:16:18,TDB_CUST_5214938,TSLA,BUY,1,638.02
TDB_000009925,2024-09-19 22:16:18,TDB_CUST_5214938,TSLA,BUY,1,638.02
TDB_000009926,2024-09-19 22:16:18,TDB_CUST_5214938,TSLA,BUY,1,638.02
TDB_000009927,2024-09-19 22:16:18,TDB_CUST_5214938,TSLA,BUY,1,638.02
TDB_000009928,2024-09-19 22:16:18,TDB_CUST_5214938,TSLA,BUY,1,638.02
TDB_000009929,2024-09-19 22:16:18,TDB_CUST_5214938,TSLA,BUY,1,638.02
TDB_000009930,2024-09-19 22:16:18,TDB_CUST_5214938,TSLA,BUY,1,638.02
TDB_000009931,2024-09-19 22:16:18,TDB_CUST_5214938,TSLA,BUY,1,638.02
TDB_000009932,2024-09-19 22:16:18,TDB_CUST_5214938,TSLA,BUY,1,638.02
TDB_000009933,2024-09-19 22:16:18,TDB_CUST_5214938,TSLA,BUY,1,638.02
TDB_000009934,2024-09-19 22:16:18,TDB_CUST_5214938,TSLA,BUY,1,638.02
TDB_000009935,2024-09-19 22:16:18,TDB_CUST_5214938,TSLA,BUY,1,638.02
TDB_000009936,2024-09-19 22:16:18,TDB_CUST_5214938,TSLA,BUY,1,638.02
TDB_000009937,2024-09-19 22:16:18,TDB_CUST_5214938,TSLA,BUY,1,638.02
TDB_000009938,2024-09-19 22:16:18,TDB_CUST_5214938,TSLA,BUY,1,638.02
TDB_000009939,2024-09-19 22:16:18,TDB_CUST_5214938,TSLA,BUY,1,638.02
TDB_000009940,2024-09-19 22:16:18,TDB_CUST_5214938,TSLA,BUY,1,638.02
TDB_000009941,2024-09-19 22:16:18,TDB_CUST_5214938,TSLA,BUY,1,638.02
TDB_000009942,2024-09-19 22:16:18,TDB_CUST_5214938,TSLA,BUY,1,638.02
TDB_000009943,2024-09-19 22:16:18,TDB_CUST_5214938,TSLA,BUY,1,638.02
TDB_000009944,2024-09-19 22:16:18,TDB_CUST_5214938,TSLA,BUY,1,638.02
TDB_000009945,2024-09-19 22:16:18,TDB_CUST_5214938,TSLA,BUY,1,638.02
TDB_000009946,2024-09-19 22:16:18,TDB_CUST_5214938,TSLA,BUY,1,638.02
TDB_000009947,2024-09-19 22:16:18,TDB_CUST_5214938,TSLA,BUY,1,638.02
TDB_000009948,2024-09-19 22:16:18,TDB_CUST_5214938,TSLA,BUY,1,638.02
TDB_000009949,2024-09-19 22:16:18,TDB_CUST_5214938,TSLA,BUY,1,638.02
TDB_000009950,2024-09-19 22:16:18,TDB_CUST_5214938,TSLA,BUY,1,638.02
TDB_000009951,2024-09-19 22:16:18,TDB_CUST_5214938,TSLA,BUY,1,638.02
TDB_000009952,2024-09-19 22:16:18,TDB_CUST_5214938,TSLA,BUY,1,638.02
TDB_000009953,2024-09-19 22:16:18,TDB_CUST_5214938,TSLA,BUY,1,638.02
TDB_000009954,2024-09-19 22:16:18,TDB_CUST_5214938,TSLA,BUY,1,638.02
TDB_000009955,2024-09-19 22:16:18,TDB_CUST_5214938,TSLA,BUY,1,638.02
TDB_000009956,2024-09-19 22:16:18,TDB_CUST_5214938,TSLA,BUY,1,638.02
TDB_000009957,2024-09-19 22:16:18,TDB_CUST_5214938,TSLA,BUY,1,638.02
TDB_000009958,2024-09-19 22:16:18,TDB_CUST_5214938,TSLA,BUY,1,638.02
TDB_000009959,2024-09-19 22:16:18,TDB_CUST_5214938,TSLA,BUY,1,638.02
TDB_000009960,2024-09-19 22:16:18,TDB_CUST_5214938,TSLA,BUY,1,638.02
TDB_000009961,2024-09-19 22:16:18,TDB_CUST_5214938,TSLA,BUY,1,638.02
TDB_000009962,2024-09-19 22:16:18,TDB_CUST_5214938,TSLA,BUY,1,638.02
TDB_000009963,2024-09-19 22:16:18,TDB_CUST_5214938,TSLA,BUY,1,638.02
TDB_000009964,2024-09-19 22:16:18,TDB_CUST_5214938,TSLA,BUY,1,638.02
TDB_000009965,2024-09-19 22:16:18,TDB_CUST_5214938,TSLA,BUY,1,638.02
TDB_000009966,2024-09-19 22:16:18,TDB_CUST_5214938,TSLA,BUY,1,638.02
TDB_000009967,2024-09-19 22:16:18,TDB_CUST_5214938,TSLA,BUY,1,638.02
TDB_000009968,2024-09-19 22:16:18,TDB_CUST_5214938,TSLA,BUY,1,638.02
TDB_000009969,2024-09-19 22:16:18,TDB_CUST_5214938,TSLA,BUY,1,638.02
TDB_000009970,2024-09-19 22:16:18,TDB_CUST_5214938,TSLA,BUY,1,638.02
TDB_000009971,2024-09-19 22:16:18,TDB_CUST_5214938,TSLA,BUY,1,638.02
TDB_000009972,2024-09-19 22:16:18,TDB_CUST_5214938,TSLA,BUY,1,638.02
TDB_000009973,2024-09-19 22:16:18,TDB_CUST_5214938,TSLA,BUY,1,638.02
TDB_000009974,2024-09-19 22:16:18,TDB_CUST_5214938,TSLA,BUY,1,638.02
TDB_000009975,2024-09-19 22:16:18,TDB_CUST_5214938,TSLA,BUY,1,638.02
TDB_000009976,2024-09-19 22:16:18,TDB_CUST_5214938,TSLA,BUY,1,638.02
TDB_000009977,2024-09-19 22:16:18,TDB_CUST_5214938,TSLA,BUY,1,638.02
TDB_000009978,2024-09-19 22:16:18,TDB_CUST_5214938,TSLA,BUY,1,638.02
TDB_000009979,2024-09-19 22:16:18,TDB_CUST_5214938,TSLA,BUY,1,638.02
TDB_000009980,2024-09-19 22:16:18,TDB_CUST_5214938,TSLA,BUY,1,638.02
TDB_000009981,2024-09-19 22:16:18,TDB_CUST_5214938,TSLA,BUY,1,638.02
TDB_000009982,2024-09-19 22:16:18,TDB_CUST_5214938,TSLA,BUY,1,638.02
TDB_000009983,2024-09-19 22:16:18,TDB_CUST_5214938,TSLA,BUY,1,638.02
TDB_000009984,2024-09-19 22:16:18,TDB_CUST_5214938,TSLA,BUY,1,638.02
TDB_000009985,2024-09-19 22:16:18,TDB_CUST_5214938,TSLA,BUY,1,638.02
TDB_000009986,2024-09-19 22:16:18,TDB_CUST_5214938,TSLA,BUY,1,638.02
TDB_000009987,2024-09-19 22:16:18,TDB_CUST_5214938,TSLA,BUY,1,638.02
TDB_000009988,2024-09-19 22:16:18,TDB_CUST_5214938,TSLA,BUY,1,638.02
TDB_000009989,2024-09-19 22:16:18,TDB_CUST_5214938,TSLA,BUY,1,638.02
TDB_000009990,2024-09-19 22:16:18,TDB_CUST_5214938,TSLA,BUY,1,638.02
TDB_000009991,2024-09-19 22:16:18,TDB_CUST_5214938,TSLA,BUY,1,638.02
TDB_000009992,2024-09-19 22:16:18,TDB_CUST_5214938,TSLA,BUY,1,638.02
TDB_000009993,2024-09-19 22:16:18,TDB_CUST_5214938,TSLA,BUY,1,638.02
TDB_000009994,2024-09-19 22:16:18,TDB_CUST_5214938,TSLA,BUY,1,638.02
TDB_000009995,2024-09-19 22:16:18,TDB_CUST_5214938,TSLA,BUY,1,638.02
TDB_000009996,2024-09-19 22:16:18,TDB_CUST_5214938,TSLA,BUY,1,638.02
TDB_000009997,2024-09-19 22:16:18,TDB_CUST_5214938,TSLA,BUY,1,638.02
TDB_000009998,2024-09-19 22:16:18,TDB_CUST_5214938,TSLA,BUY,1,638.02
TDB_000009999,2024-09-19 22:16:18,TDB_CUST_5214938,TSLA,BUY,1,638.02
