TDB_000005995,2024-09-19 22:16:18,TDB_CUST_5214938,TSLA,BUY,1,638.02
TDB_000005996,2024-09-19 22:16:18,TDB_CUST_5214938,TSLA,BUY,1,638.02
TDB_000005997,2024-09-19 22:16:18,TDB_CUST_5214938,TSLA,BUY,1,638.02
TDB_000005998,2024-09-19 22:16:18,TDB_CUST_5214938,TSLA,BUY,1,638.02
TDB_000005999,2024-09-19 22:16:18,TDB_CUST_5214938,TSLA,BUY,1,638.02
TDB_000006000,2024-09-19 22:16:18,TDB_CUST_5214938,TSLA,BUY,1,638.02
TDB_000006001,2024-09-19 22:16:18,TDB_CUST_5214938,TSLA,BUY,1,638.02
TDB_000006002,2024-09-19 22:16:18,TDB_CUST_5214938,TSLA,BUY,1,638.02
TDB_000006003,2024-09-19 22:16:18,TDB_CUST_5214938,TSLA,BUY,1,638.02
TDB_000006004,2024-09-19 22:16:18,TDB_CUST_5214938,TSLA,BUY,1,638.02
TDB_000006005,2024-09-19 22:16:18,TDB_CUST_5214938,TSLA,BUY,1,638.02
TDB_000006006,2024-09-19 22:16:18,TDB_CUST_5214938,TSLA,BUY,1,638.02
TDB_000006007,2024-09-19 22:16:18,TDB_CUST_5214938,TSLA,BUY,1,638.02
TDB_000006008,2024-09-19 22:16:18,TDB_CUST_5214938,TSLA,BUY,1,638.02
TDB_000006009,2024-09-19 22:16:18,TDB_CUST_5214938,TSLA,BUY,1,638.02
TDB_000006010,2024-09-19 22:16:18,TDB_CUST_5214938,TSLA,BUY,1,638.02
TDB_000006011,2024-09-19 22:16:18,TDB_CUST_5214938,TSLA,BUY,1,638.02
TDB_000006012,2024-09-19 22:16:18,TDB_CUST_5214938,TSLA,BUY,1,638.02
TDB_000006013,2024-09-19 22:16:18,TDB_CUST_5214938,TSLA,BUY,1,638.02
TDB_000006014,2024-09-19 22:16:18,TDB_CUST_5214938,TSLA,BUY,1,638.02
TDB_000006015,2024-09-19 22:16:18,TDB_CUST_5214938,TSLA,BUY,1,638.02
TDB_000006016,2024-09-19 22:16:18,TDB_CUST_5214938,TSLA,BUY,1,638.02
TDB_000006017,2024-09-19 22:16:18,TDB_CUST_5214938,TSLA,BUY,1,638.02
TDB_000006018,2024-09-19 22:16:18,TDB_CUST_5214938,TSLA,BUY,1,638.02
TDB_000006019,2024-09-19 22:16:18,TDB_CUST_5214938,TSLA,BUY,1,638.02
TDB_000006020,2024-09-19 22:16:18,TDB_CUST_5214938,TSLA,BUY,1,638.02
TDB_000006021,2024-09-19 22:16:18,TDB_CUST_5214938,TSLA,BUY,1,638.02
TDB_000006022,2024-09-19 22:16:18,TDB_CUST_5214938,TSLA,BUY,1,638.02
TDB_000006023,2024-09-19 22:16:18,TDB_CUST_5214938,TSLA,BUY,1,638.02
TDB_000006024,2024-09-19 22:16:18,TDB_CUST_5214938,TSLA,BUY,1,638.02
TDB_000006025,2024-09-19 22:16:18,TDB_CUST_5214938,TSLA,BUY,1,638.02
TDB_000006026,2024-09-19 22:16:18,TDB_CUST_5214938,TSLA,BUY,1,638.02
TDB_000006027,2024-09-19 22:16:18,TDB_CUST_5214938,TSLA,BUY,1,638.02
TDB_000006028,2024-09-19 22:16:18,TDB_CUST_5214938,TSLA,BUY,1,638.02
TDB_000006029,2024-09-19 22:16:18,TDB_CUST_5214938,TSLA,BUY,1,638.02
TDB_000006030,2024-09-19 22:16:18,TDB_CUST_5214938,TSLA,BUY,1,638.02
TDB_000006031,2024-09-19 22:16:18,TDB_CUST_5214938,TSLA,BUY,1,638.02
TDB_000006032,2024-09-19 22:16:18,TDB_CUST_5214938,TSLA,BUY,1,638.02
TDB_000006033,2024-09-19 22:16:18,TDB_CUST_5214938,TSLA,BUY,1,638.02
TDB_000006034,2024-09-19 22:16:18,TDB_CUST_5214938,TSLA,BUY,1,638.02
TDB_000006035,2024-09-19 22:16:18,TDB_CUST_5214938,TSLA,BUY,1,638.02
TDB_000006036,2024-09-19 22:16:18,TDB_CUST_5214938,TSLA,BUY,1,638.02
TDB_000006037,2024-09-19 22:16:18,TDB_CUST_5214938,TSLA,BUY,1,638.02
TDB_000006038,2024-09-19 22:16:18,TDB_CUST_5214938,TSLA,BUY,1,638.02
TDB_000006039,2024-09-19 22:16:18,TDB_CUST_5214938,TSLA,BUY,1,638.02
TDB_000006040,2024-09-19 22:16:18,TDB_CUST_5214938,TSLA,BUY,1,638.02
TDB_000006041,2024-09-19 22:16:18,TDB_CUST_5214938,TSLA,BUY,1,638.02
TDB_000006042,2024-09-19 22:16:18,TDB_CUST_5214938,TSLA,BUY,1,638.02
TDB_000006043,2024-09-19 22:16:18,TDB_CUST_5214938,TSLA,BUY,1,638.02
TDB_000006044,2024-09-19 22:16:18,TDB_CUST_5214938,TSLA,BUY,1,638.02
TDB_000006045,2024-09-19 22:16:18,TDB_CUST_5214938,TSLA,BUY,1,638.02
TDB_000006046,2024-09-19 22:16:18,TDB_CUST_5214938,TSLA,BUY,1,638.02
TDB_000006047,2024-09-19 22:16:18,TDB_CUST_5214938,TSLA,BUY,1,638.02
TDB_000006048,2024-09-19 22:16:18,TDB_CUST_5214938,TSLA,BUY,1,638.02
TDB_000006049,2024-09-19 22:16:18,TDB_CUST_5214938,TSLA,BUY,1,638.02
TDB_000006050,2024-09-19 22:16:18,TDB_CUST_5214938,TSLA,BUY,1,638.02
TDB_000006051,2024-09-19 22:16:18,TDB_CUST_5214938,TSLA,BUY,1,638.02
TDB_000006052,2024-09-19 22:16:18,TDB_CUST_5214938,TSLA,BUY,1,638.02
TDB_000006053,2024-09-19 22:16:18,TDB_CUST_5214938,TSLA,BUY,1,638.02
TDB_000006054,2024-09-19 22:16:18,TDB_CUST_5214938,TSLA,BUY,1,638.02
TDB_000006055,2024-09-19 22:16:18,TDB_CUST_5214938,TSLA,BUY,1,638.02
TDB_000006056,2024-09-19 22:16:18,TDB_CUST_5214938,TSLA,BUY,1,638.02
TDB_000006057,2024-09-19 22:16:18,TDB_CUST_5214938,TSLA,BUY,1,638.02
TDB_000006058,2024-09-19 22:16:18,TDB_CUST_5214938,TSLA,BUY,1,638.02
TDB_000006059,2024-09-19 22:16:18,TDB_CUST_5214938,TSLA,BUY,1,638.02
TDB_000006060,2024-09-19 22:16:18,TDB_CUST_5214938,TSLA,BUY,1,638.02
TDB_000006061,2024-09-19 22:16:18,TDB_CUST_5214938,TSLA,BUY,1,638.02
TDB_000006062,2024-09-19 22:16:18,TDB_CUST_5214938,TSLA,BUY,1,638.02
TDB_000006063,2024-09-19 22:16:18,TDB_CUST_5214938,TSLA,BUY,1,638.02
TDB_000006064,2024-09-19 22:16:18,TDB_CUST_5214938,TSLA,BUY,1,638.02
TDB_000006065,2024-09-19 22:16:18,TDB_CUST_5214938,TSLA,BUY,1,638.02
TDB_000006066,2024-09-19 22:16:18,TDB_CUST_5214938,TSLA,BUY,1,638.02
TDB_000006067,2024-09-19 22:16:18,TDB_CUST_5214938,TSLA,BUY,1,638.02
TDB_000006068,2024-09-19 22:16:18,TDB_CUST_5214938,TSLA,BUY,1,638.02
TDB_000006069,2024-09-19 22:16:18,TDB_CUST_5214938,TSLA,BUY,1,638.02
TDB_000006070,2024-09-19 22:16:18,TDB_CUST_5214938,TSLA,BUY,1,638.02
TDB_000006071,2024-09-19 22:16:18,TDB_CUST_5214938,TSLA,BUY,1,638.02
TDB_000006072,2024-09-19 22:16:18,TDB_CUST_5214938,TSLA,BUY,1,638.02
TDB_000006073,2024-09-19 22:16:18,TDB_CUST_5214938,TSLA,BUY,1,638.02
TDB_000006074,2024-09-19 22:16:18,TDB_CUST_5214938,TSLA,BUY,1,638.02
TDB_000006075,2024-09-19 22:16:18,TDB_CUST_5214938,TSLA,BUY,1,638.02
TDB_000006076,2024-09-19 22:16:18,TDB_CUST_5214938,TSLA,BUY,1,638.02
TDB_000006077,2024-09-19 22:16:18,TDB_CUST_5214938,TSLA,BUY,1,638.02
TDB_000006078,2024-09-19 22:16:18,TDB_CUST_5214938,TSLA,BUY,1,638.02
TDB_000006079,2024-09-19 22:16:18,TDB_CUST_5214938,TSLA,BUY,1,638.02
TDB_000006080,2024-09-19 22:16:18,TDB_CUST_5214938,TSLA,BUY,1,638.02
TDB_000006081,2024-09-19 22:16:18,TDB_CUST_5214938,TSLA,BUY,1,638.02
TDB_000006082,2024-09-19 22:16:18,TDB_CUST_5214938,TSLA,BUY,1,638.02
TDB_000006083,2024-09-19 22:16:18,TDB_CUST_5214938,TSLA,BUY,1,638.02
TDB_000006084,2024-09-19 22:16:18,TDB_CUST_5214938,TSLA,BUY,1,638.02
TDB_000006085,2024-09-19 22:16:18,TDB_CUST_5214938,TSLA,BUY,1,638.02
TDB_000006086,2024-09-19 22:16:18,TDB_CUST_5214938,TSLA,BUY,1,638.02
TDB_000006087,2024-09-19 22:16:18,TDB_CUST_5214938,TSLA,BUY,1,638.02
TDB_000006088,2024-09-19 22:16:18,TDB_CUST_5214938,TSLA,BUY,1,638.02
TDB_000006089,2024-09-19 22:16:18,TDB_CUST_5214938,TSLA,BUY,1,638.02
TDB_000006090,2024-09-19 22:16:18,TDB_CUST_5214938,TSLA,BUY,1,638.02
TDB_000006091,2024-09-19 22:16:18,TDB_CUST_5214938,TSLA,BUY,1,638.02
TDB_000006092,2024-09-19 22:16:18,TDB_CUST_5214938,TSLA,BUY,1,638.02
TDB_000006093,2024-09-19 22:16:18,TDB_CUST_5214938,TSLA,BUY,1,638.02
TDB_000006094,2024-09-19 22:16:18,TDB_CUST_5214938,TSLA,BUY,1,638.02
TDB_000006095,2024-09-19 22:16:18,TDB_CUST_5214938,TSLA,BUY,1,638.02
TDB_000006096,2024-09-19 22:16:18,TDB_CUST_5214938,TSLA,BUY,1,638.02
TDB_000006097,2024-09-19 22:16:18,TDB_CUST_5214938,TSLA,BUY,1,638.02
TDB_000006098,2024-09-19 22:16:18,TDB_CUST_5214938,TSLA,BUY,1,638.02
TDB_000006099,2024-09-19 22:16:18,TDB_CUST_5214938,TSLA,BUY,1,638.02
TDB_000006100,2024-09-19 22:16:18,TDB_CUST_5214938,TSLA,BUY,1,638.02
TDB_000006101,2024-09-19 22:16:18,TDB_CUST_5214938,TSLA,BUY,1,638.02
TDB_000006102,2024-09-19 22:16:18,TDB_CUST_5214938,TSLA,BUY,1,638.02
TDB_000006103,2024-09-19 22:16:18,TDB_CUST_5214938,TSLA,BUY,1,638.02
TDB_000006104,2024-09-19 22:16:18,TDB_CUST_5214938,TSLA,BUY,1,638.02
TDB_000006105,2024-09-19 22:16:18,TDB_CUST_5214938,TSLA,BUY,1,638.02
TDB_000006106,2024-09-19 22:16:18,TDB_CUST_5214938,TSLA,BUY,1,638.02
TDB_000006107,2024-09-19 22:16:18,TDB_CUST_5214938,TSLA,BUY,1,638.02
TDB_000006108,2024-09-19 22:16:18,TDB_CUST_5214938,TSLA,BUY,1,638.02
TDB_000006109,2024-09-19 22:16:18,TDB_CUST_5214938,TSLA,BUY,1,638.02
TDB_000006110,2024-09-19 22:16:18,TDB_CUST_5214938,TSLA,BUY,1,638.02
TDB_000006111,2024-09-19 22:16:18,TDB_CUST_5214938,TSLA,BUY,1,638.02
TDB_000006112,2024-09-19 22:16:18,TDB_CUST_5214938,TSLA,BUY,1,638.02
TDB_000006113,2024-09-19 22:16:18,TDB_CUST_5214938,TSLA,BUY,1,638.02
TDB_000006114,2024-09-19 22:16:18,TDB_CUST_5214938,TSLA,BUY,1,638.02
TDB_000006115,2024-09-19 22:16:18,TDB_CUST_5214938,TSLA,BUY,1,638.02
TDB_000006116,2024-09-19 22:16:18,TDB_CUST_5214938,TSLA,BUY,1,638.02
TDB_000006117,2024-09-19 22:16:18,TDB_CUST_5214938,TSLA,BUY,1,638.02
TDB_000006118,2024-09-19 22:16:18,TDB_CUST_5214938,TSLA,BUY,1,638.02
TDB_000006119,2024-09-19 22:16:18,TDB_CUST_5214938,TSLA,BUY,1,638.02
TDB_000006120,2024-09-19 22:16:18,TDB_CUST_5214938,TSLA,BUY,1,638.02
TDB_000006121,2024-09-19 22:16:18,TDB_CUST_5214938,TSLA,BUY,1,638.02
TDB_000006122,2024-09-19 22:16:18,TDB_CUST_5214938,TSLA,BUY,1,638.02
TDB_000006123,2024-09-19 22:16:18,TDB_CUST_5214938,TSLA,BUY,1,638.02
TDB_000006124,2024-09-19 22:16:18,TDB_CUST_5214938,TSLA,BUY,1,638.02
TDB_000006125,2024-09-19 22:16:18,TDB_CUST_5214938,TSLA,BUY,1,638.02
TDB_000006126,2024-09-19 22:16:18,TDB_CUST_5214938,TSLA,BUY,1,638.02
TDB_000006127,2024-09-19 22:16:18,TDB_CUST_5214938,TSLA,BUY,1,638.02
TDB_000006128,2024-09-19 22:16:18,TDB_CUST_5214938,TSLA,BUY,1,638.02
TDB_000006129,2024-09-19 22:16:18,TDB_CUST_5214938,TSLA,BUY,1,638.02
TDB_000006130,2024-09-19 22:16:18,TDB_CUST_5214938,TSLA,BUY,1,638.02
TDB_000006131,2024-09-19 22:16:18,TDB_CUST_5214938,TSLA,BUY,1,638.02
TDB_000006132,2024-09-19 22:16:18,TDB_CUST_5214938,TSLA,BUY,1,638.02
TDB_000006133,2024-09-19 22:16:18,TDB_CUST_5214938,TSLA,BUY,1,638.02
TDB_000006134,2024-09-19 22:16:18,TDB_CUST_5214938,TSLA,BUY,1,638.02
TDB_000006135,2024-09-19 22:16:18,TDB_CUST_5214938,TSLA,BUY,1,638.02
TDB_000006136,2024-09-19 22:16:18,TDB_CUST_5214938,TSLA,BUY,1,638.02
TDB_000006137,2024-09-19 22:16:18,TDB_CUST_5214938,TSLA,BUY,1,638.02
TDB_000006138,2024-09-19 22:16:18,TDB_CUST_5214938,TSLA,BUY,1,638.02
TDB_000006139,2024-09-19 22:16:18,TDB_CUST_5214938,TSLA,BUY,1,638.02
TDB_000006140,2024-09-19 22:16:18,TDB_CUST_5214938,TSLA,BUY,1,638.02
TDB_000006141,2024-09-19 22:16:18,TDB_CUST_5214938,TSLA,BUY,1,638.02
TDB_000006142,2024-09-19 22:16:18,TDB_CUST_5214938,TSLA,BUY,1,638.02
TDB_000006143,2024-09-19 22:16:18,TDB_CUST_5214938,TSLA,BUY,1,638.02
TDB_000006144,2024-09-19 22:16:18,TDB_CUST_5214938,TSLA,BUY,1,638.02
TDB_000006145,2024-09-19 22:16:18,TDB_CUST_5214938,TSLA,BUY,1,638.02
TDB_000006146,2024-09-19 22:16:18,TDB_CUST_5214938,TSLA,BUY,1,638.02
TDB_000006147,2024-09-19 22:16:18,TDB_CUST_5214938,TSLA,BUY,1,638.02
TDB_000006148,2024-09-19 22:16:18,TDB_CUST_5214938,TSLA,BUY,1,638.02
TDB_000006149,2024-09-19 22:16:18,TDB_CUST_5214938,TSLA,BUY,1,638.02
TDB_000006150,2024-09-19 22:16:18,TDB_CUST_5214938,TSLA,BUY,1,638.02
TDB_000006151,2024-09-19 22:16:18,TDB_CUST_5214938,TSLA,BUY,1,638.02
TDB_000006152,2024-09-19 22:16:18,TDB_CUST_5214938,TSLA,BUY,1,638.02
TDB_000006153,2024-09-19 22:16:18,TDB_CUST_5214938,TSLA,BUY,1,638.02
TDB_000006154,2024-09-19 22:16:18,TDB_CUST_5214938,TSLA,BUY,1,638.02
TDB_000006155,2024-09-19 22:16:18,TDB_CUST_5214938,TSLA,BUY,1,638.02
TDB_000006156,2024-09-19 22:16:18,TDB_CUST_5214938,TSLA,BUY,1,638.02
TDB_000006157,2024-09-19 22:16:18,TDB_CUST_5214938,TSLA,BUY,1,638.02
TDB_000006158,2024-09-19 22:16:18,TDB_CUST_5214938,TSLA,BUY,1,638.02
TDB_000006159,2024-09-19 22:16:18,TDB_CUST_5214938,TSLA,BUY,1,638.02
TDB_000006160,2024-09-19 22:16:18,TDB_CUST_5214938,TSLA,BUY,1,638.02
TDB_000006161,2024-09-19 22:16:18,TDB_CUST_5214938,TSLA,BUY,1,638.02
TDB_000006162,2024-09-19 22:16:18,TDB_CUST_5214938,TSLA,BUY,1,638.02
TDB_000006163,2024-09-19 22:16:18,TDB_CUST_5214938,TSLA,BUY,1,638.02
TDB_000006164,2024-09-19 22:16:18,TDB_CUST_5214938,TSLA,BUY,1,638.02
TDB_000006165,2024-09-19 22:16:18,TDB_CUST_5214938,TSLA,BUY,1,638.02
TDB_000006166,2024-09-19 22:16:18,TDB_CUST_5214938,TSLA,BUY,1,638.02
TDB_000006167,2024-09-19 22:16:18,TDB_CUST_5214938,TSLA,BUY,1,638.02
TDB_000006168,2024-09-19 22:16:18,TDB_CUST_5214938,TSLA,BUY,1,638.02
TDB_000006169,2024-09-19 22:16:18,TDB_CUST_5214938,TSLA,BUY,1,638.02
TDB_000006170,2024-09-19 22:16:18,TDB_CUST_5214938,TSLA,BUY,1,638.02
TDB_000006171,2024-09-19 22:16:18,TDB_CUST_5214938,TSLA,BUY,1,638.02
TDB_000006172,2024-09-19 22:16:18,TDB_CUST_5214938,TSLA,BUY,1,638.02
TDB_000006173,2024-09-19 22:16:18,TDB_CUST_5214938,TSLA,BUY,1,638.02
TDB_000006174,2024-09-19 22:16:18,TDB_CUST_5214938,TSLA,BUY,1,638.02
TDB_000006175,2024-09-19 22:16:18,TDB_CUST_5214938,TSLA,BUY,1,638.02
TDB_000006176,2024-09-19 22:16:18,TDB_CUST_5214938,TSLA,BUY,1,638.02
TDB_000006177,2024-09-19 22:16:18,TDB_CUST_5214938,TSLA,BUY,1,638.02
TDB_000006178,2024-09-19 22:16:18,TDB_CUST_5214938,TSLA,BUY,1,638.02
TDB_000006179,2024-09-19 22:16:18,TDB_CUST_5214938,TSLA,BUY,1,638.02
TDB_000006180,2024-09-19 22:16:18,TDB_CUST_5214938,TSLA,BUY,1,638.02
TDB_000006181,2024-09-19 22:16:18,TDB_CUST_5214938,TSLA,BUY,1,638.02
TDB_000006182,2024-09-19 22:16:18,TDB_CUST_5214938,TSLA,BUY,1,638.02
TDB_000006183,2024-09-19 22:16:18,TDB_CUST_5214938,TSLA,BUY,1,638.02
TDB_000006184,2024-09-19 22:16:18,TDB_CUST_5214938,TSLA,BUY,1,638.02
TDB_000006185,2024-09-19 22:16:18,TDB_CUST_5214938,TSLA,BUY,1,638.02
TDB_000006186,2024-09-19 22:16:18,TDB_CUST_5214938,TSLA,BUY,1,638.02
TDB_000006187,2024-09-19 22:16:18,TDB_CUST_5214938,TSLA,BUY,1,638.02
TDB_000006188,2024-09-19 22:16:18,TDB_CUST_5214938,TSLA,BUY,1,638.02
TDB_000006189,2024-09-19 22:16:18,TDB_CUST_5214938,TSLA,BUY,1,638.02
TDB_000006190,2024-09-19 22:16:18,TDB_CUST_5214938,TSLA,BUY,1,638.02
TDB_000006191,2024-09-19 22:16:18,TDB_CUST_5214938,TSLA,BUY,1,638.02
TDB_000006192,2024-09-19 22:16:18,TDB_CUST_5214938,TSLA,BUY,1,638.02
TDB_000006193,2024-09-19 22:16:18,TDB_CUST_5214938,TSLA,BUY,1,638.02
TDB_000006194,2024-09-19 22:16:18,TDB_CUST_5214938,TSLA,BUY,1,638.02
TDB_000006195,2024-09-19 22:16:18,TDB_CUST_5214938,TSLA,BUY,1,638.02
TDB_000006196,2024-09-19 22:16:18,TDB_CUST_5214938,TSLA,BUY,1,638.02
TDB_000006197,2024-09-19 22:16:18,TDB_CUST_5214938,TSLA,BUY,1,638.02
TDB_000006198,2024-09-19 22:16:18,TDB_CUST_5214938,TSLA,BUY,1,638.02
TDB_000006199,2024-09-19 22:16:18,TDB_CUST_5214938,TSLA,BUY,1,638.02
TDB_000006200,2024-09-19 22:16:18,TDB_CUST_5214938,TSLA,BUY,1,638.02
TDB_000006201,2024-09-19 22:16:18,TDB_CUST_5214938,TSLA,BUY,1,638.02
TDB_000006202,2024-09-19 22:16:18,TDB_CUST_5214938,TSLA,BUY,1,638.02
TDB_000006203,2024-09-19 22:16:18,TDB_CUST_5214938,TSLA,BUY,1,638.02
TDB_000006204,2024-09-19 22:16:18,TDB_CUST_5214938,TSLA,BUY,1,638.02
TDB_000006205,2024-09-19 22:16:18,TDB_CUST_5214938,TSLA,BUY,1,638.02
TDB_000006206,2024-09-19 22:16:18,TDB_CUST_5214938,TSLA,BUY,1,638.02
TDB_000006207,2024-09-19 22:16:18,TDB_CUST_5214938,TSLA,BUY,1,638.02
TDB_000006208,2024-09-19 22:16:18,TDB_CUST_5214938,TSLA,BUY,1,638.02
TDB_000006209,2024-09-19 22:16:18,TDB_CUST_5214938,TSLA,BUY,1,638.02
TDB_000006210,2024-09-19 22:16:18,TDB_CUST_5214938,TSLA,BUY,1,638.02
TDB_000006211,2024-09-19 22:16:18,TDB_CUST_5214938,TSLA,BUY,1,638.02
TDB_000006212,2024-09-19 22:16:18,TDB_CUST_5214938,TSLA,BUY,1,638.02
TDB_000006213,2024-09-19 22:16:18,TDB_CUST_5214938,TSLA,BUY,1,638.02
TDB_000006214,2024-09-19 22:16:18,TDB_CUST_5214938,TSLA,BUY,1,638.02
TDB_000006215,2024-09-19 22:16:18,TDB_CUST_5214938,TSLA,BUY,1,638.02
TDB_000006216,2024-09-19 22:16:18,TDB_CUST_5214938,TSLA,BUY,1,638.02
TDB_000006217,2024-09-19 22:16:18,TDB_CUST_5214938,TSLA,BUY,1,638.02
TDB_000006218,2024-09-19 22:16:18,TDB_CUST_5214938,TSLA,BUY,1,638.02
TDB_000006219,2024-09-19 22:16:18,TDB_CUST_5214938,TSLA,BUY,1,638.02
TDB_000006220,2024-09-19 22:16:18,TDB_CUST_5214938,TSLA,BUY,1,638.02
TDB_000006221,2024-09-19 22:16:18,TDB_CUST_5214938,TSLA,BUY,1,638.02
TDB_000006222,2024-09-19 22:16:18,TDB_CUST_5214938,TSLA,BUY,1,638.02
TDB_000006223,2024-09-19 22:16:18,TDB_CUST_5214938,TSLA,BUY,1,638.02
TDB_000006224,2024-09-19 22:16:18,TDB_CUST_5214938,TSLA,BUY,1,638.02
TDB_000006225,2024-09-19 22:16:18,TDB_CUST_5214938,TSLA,BUY,1,638.02
TDB_000006226,2024-09-19 22:16:18,TDB_CUST_5214938,TSLA,BUY,1,638.02
TDB_000006227,2024-09-19 22:16:18,TDB_CUST_5214938,TSLA,BUY,1,638.02
TDB_000006228,2024-09-19 22:16:18,TDB_CUST_5214938,TSLA,BUY,1,638.02
TDB_000006229,2024-09-19 22:16:18,TDB_CUST_5214938,TSLA,BUY,1,638.02
TDB_000006230,2024-09-19 22:16:18,TDB_CUST_5214938,TSLA,BUY,1,638.02
TDB_000006231,2024-09-19 22:16:18,TDB_CUST_5214938,TSLA,BUY,1,638.02
TDB_000006232,2024-09-19 22:16:18,TDB_CUST_5214938,TSLA,BUY,1,638.02
TDB_000006233,2024-09-19 22:16:18,TDB_CUST_5214938,TSLA,BUY,1,638.02
TDB_000006234,2024-09-19 22:16:18,TDB_CUST_5214938,TSLA,BUY,1,638.02
TDB_000006235,2024-09-19 22:16:18,TDB_CUST_5214938,TSLA,BUY,1,638.02
TDB_000006236,2024-09-19 22:16:18,TDB_CUST_5214938,TSLA,BUY,1,638.02
TDB_000006237,2024-09-19 22:16:18,TDB_CUST_5214938,TSLA,BUY,1,638.02
TDB_000006238,2024-09-19 22:16:18,TDB_CUST_5214938,TSLA,BUY,1,638.02
TDB_000006239,2024-09-19 22:16:18,TDB_CUST_5214938,TSLA,BUY,1,638.02
TDB_000006240,2024-09-19 22:16:18,TDB_CUST_5214938,TSLA,BUY,1,638.02
TDB_000006241,2024-09-19 22:16:18,TDB_CUST_5214938,TSLA,BUY,1,638.02
TDB_000006242,2024-09-19 22:16:18,TDB_CUST_5214938,TSLA,BUY,1,638.02
TDB_000006243,2024-09-19 22:16:18,TDB_CUST_5214938,TSLA,BUY,1,638.02
TDB_000006244,2024-09-19 22:16:18,TDB_CUST_5214938,TSLA,BUY,1,638.02
TDB_000006245,2024-09-19 22:16:18,TDB_CUST_5214938,TSLA,BUY,1,638.02
TDB_000006246,2024-09-19 22:16:18,TDB_CUST_5214938,TSLA,BUY,1,638.02
TDB_000006247,2024-09-19 22:16:18,TDB_CUST_5214938,TSLA,BUY,1,638.02
TDB_000006248,2024-09-19 22:16:18,TDB_CUST_5214938,TSLA,BUY,1,638.02
TDB_000006249,2024-09-19 22:16:18,TDB_CUST_5214938,TSLA,BUY,1,638.02
TDB_000006250,2024-09-19 22:16:18,TDB_CUST_5214938,TSLA,BUY,1,638.02
TDB_000006251,2024-09-19 22:16:18,TDB_CUST_5214938,TSLA,BUY,1,638.02
TDB_000006252,2024-09-19 22:16:18,TDB_CUST_5214938,TSLA,BUY,1,638.02
TDB_000006253,2024-09-19 22:16:18,TDB_CUST_5214938,TSLA,BUY,1,638.02
TDB_000006254,2024-09-19 22:16:18,TDB_CUST_5214938,TSLA,BUY,1,638.02
TDB_000006255,2024-09-19 22:16:18,TDB_CUST_5214938,TSLA,BUY,1,638.02
TDB_000006256,2024-09-19 22:16:18,TDB_CUST_5214938,TSLA,BUY,1,638.02
TDB_000006257,2024-09-19 22:16:18,TDB_CUST_5214938,TSLA,BUY,1,638.02
TDB_000006258,2024-09-19 22:16:18,TDB_CUST_5214938,TSLA,BUY,1,638.02
TDB_000006259,2024-09-19 22:16:18,TDB_CUST_5214938,TSLA,BUY,1,638.02
TDB_000006260,2024-09-19 22:16:18,TDB_CUST_5214938,TSLA,BUY,1,638.02
TDB_000006261,2024-09-19 22:16:18,TDB_CUST_5214938,TSLA,BUY,1,638.02
TDB_000006262,2024-09-19 22:16:18,TDB_CUST_5214938,TSLA,BUY,1,638.02
TDB_000006263,2024-09-19 22:16:18,TDB_CUST_5214938,TSLA,BUY,1,638.02
TDB_000006264,2024-09-19 22:16:18,TDB_CUST_5214938,TSLA,BUY,1,638.02
TDB_000006265,2024-09-19 22:16:18,TDB_CUST_5214938,TSLA,BUY,1,638.02
TDB_000006266,2024-09-19 22:16:18,TDB_CUST_5214938,TSLA,BUY,1,638.02
TDB_000006267,2024-09-19 22:16:18,TDB_CUST_5214938,TSLA,BUY,1,638.02
TDB_000006268,2024-09-19 22:16:18,TDB_CUST_5214938,TSLA,BUY,1,638.02
TDB_000006269,2024-09-19 22:16:18,TDB_CUST_5214938,TSLA,BUY,1,638.02
TDB_000006270,2024-09-19 22:16:18,TDB_CUST_5214938,TSLA,BUY,1,638.02
TDB_000006271,2024-09-19 22:16:18,TDB_CUST_5214938,TSLA,BUY,1,638.02
TDB_000006272,2024-09-19 22:16:18,TDB_CUST_5214938,TSLA,BUY,1,638.02
TDB_000006273,2024-09-19 22:16:18,TDB_CUST_5214938,TSLA,BUY,1,638.02
TDB_000006274,2024-09-19 22:16:18,TDB_CUST_5214938,TSLA,BUY,1,638.02
TDB_000006275,2024-09-19 22:16:18,TDB_CUST_5214938,TSLA,BUY,1,638.02
TDB_000006276,2024-09-19 22:16:18,TDB_CUST_5214938,TSLA,BUY,1,638.02
TDB_000006277,2024-09-19 22:16:18,TDB_CUST_5214938,TSLA,BUY,1,638.02
TDB_000006278,2024-09-19 22:16:18,TDB_CUST_5214938,TSLA,BUY,1,638.02
TDB_000006279,2024-09-19 22:16:18,TDB_CUST_5214938,TSLA,BUY,1,638.02
TDB_000006280,2024-09-19 22:16:18,TDB_CUST_5214938,TSLA,BUY,1,638.02
TDB_000006281,2024-09-19 22:16:18,TDB_CUST_5214938,TSLA,BUY,1,638.02
TDB_000006282,2024-09-19 22:16:18,TDB_CUST_5214938,TSLA,BUY,1,638.02
TDB_000006283,2024-09-19 22:16:18,TDB_CUST_5214938,TSLA,BUY,1,638.02
TDB_000006284,2024-09-19 22:16:18,TDB_CUST_5214938,TSLA,BUY,1,638.02
TDB_000006285,2024-09-19 22:16:18,TDB_CUST_5214938,TSLA,BUY,1,638.02
TDB_000006286,2024-09-19 22:16:18,TDB_CUST_5214938,TSLA,BUY,1,638.02
TDB_000006287,2024-09-19 22:16:18,TDB_CUST_5214938,TSLA,BUY,1,638.02
TDB_000006288,2024-09-19 22:16:18,TDB_CUST_5214938,TSLA,BUY,1,638.02
TDB_000006289,2024-09-19 22:16:18,TDB_CUST_5214938,TSLA,BUY,1,638.02
TDB_000006290,2024-09-19 22:16:18,TDB_CUST_5214938,TSLA,BUY,1,638.02
TDB_000006291,2024-09-19 22:16:18,TDB_CUST_5214938,TSLA,BUY,1,638.02
TDB_000006292,2024-09-19 22:16:18,TDB_CUST_5214938,TSLA,BUY,1,638.02
TDB_000006293,2024-09-19 22:16:18,TDB_CUST_5214938,TSLA,BUY,1,638.02
TDB_000006294,2024-09-19 22:16:18,TDB_CUST_5214938,TSLA,BUY,1,638.02
TDB_000006295,2024-09-19 22:16:18,TDB_CUST_5214938,TSLA,BUY,1,638.02
TDB_000006296,2024-09-19 22:16:18,TDB_CUST_5214938,TSLA,BUY,1,638.02
TDB_000006297,2024-09-19 22:16:18,TDB_CUST_5214938,TSLA,BUY,1,638.02
TDB_000006298,2024-09-19 22:16:18,TDB_CUST_5214938,TSLA,BUY,1,638.02
TDB_000006299,2024-09-19 22:16:18,TDB_CUST_5214938,TSLA,BUY,1,638.02
TDB_000006300,2024-09-19 22:16:18,TDB_CUST_5214938,TSLA,BUY,1,638.02
TDB_000006301,2024-09-19 22:16:18,TDB_CUST_5214938,TSLA,BUY,1,638.02
TDB_000006302,2024-09-19 22:16:18,TDB_CUST_5214938,TSLA,BUY,1,638.02
TDB_000006303,2024-09-19 22:16:18,TDB_CUST_5214938,TSLA,BUY,1,638.02
TDB_000006304,2024-09-19 22:16:18,TDB_CUST_5214938,TSLA,BUY,1,638.02
TDB_000006305,2024-09-19 22:16:18,TDB_CUST_5214938,TSLA,BUY,1,638.02
TDB_000006306,2024-09-19 22:16:18,TDB_CUST_5214938,TSLA,BUY,1,638.02
TDB_000006307,2024-09-19 22:16:18,TDB_CUST_5214938,TSLA,BUY,1,638.02
TDB_000006308,2024-09-19 22:16:18,TDB_CUST_5214938,TSLA,BUY,1,638.02
TDB_000006309,2024-09-19 22:16:18,TDB_CUST_5214938,TSLA,BUY,1,638.02
TDB_000006310,2024-09-19 22:16:18,TDB_CUST_5214938,TSLA,BUY,1,638.02
TDB_000006311,2024-09-19 22:16:18,TDB_CUST_5214938,TSLA,BUY,1,638.02
TDB_000006312,2024-09-19 22:16:18,TDB_CUST_5214938,TSLA,BUY,1,638.02
TDB_000006313,2024-09-19 22:16:18,TDB_CUST_5214938,TSLA,BUY,1,638.02
TDB_000006314,2024-09-19 22:16:18,TDB_CUST_5214938,TSLA,BUY,1,638.02
TDB_000006315,2024-09-19 22:16:18,TDB_CUST_5214938,TSLA,BUY,1,638.02
TDB_000006316,2024-09-19 22:16:18,TDB_CUST_5214938,TSLA,BUY,1,638.02
TDB_000006317,2024-09-19 22:16:18,TDB_CUST_5214938,TSLA,BUY,1,638.02
TDB_000006318,2024-09-19 22:16:18,TDB_CUST_5214938,TSLA,BUY,1,638.02
TDB_000006319,2024-09-19 22:16:18,TDB_CUST_5214938,TSLA,BUY,1,638.02
TDB_000006320,2024-09-19 22:16:18,TDB_CUST_5214938,TSLA,BUY,1,638.02
TDB_000006321,2024-09-19 22:16:18,TDB_CUST_5214938,TSLA,BUY,1,638.02
TDB_000006322,2024-09-19 22:16:18,TDB_CUST_5214938,TSLA,BUY,1,638.02
TDB_000006323,2024-09-19 22:16:18,TDB_CUST_5214938,TSLA,BUY,1,638.02
TDB_000006324,2024-09-19 22:16:18,TDB_CUST_5214938,TSLA,BUY,1,638.02
TDB_000006325,2024-09-19 22:16:18,TDB_CUST_5214938,TSLA,BUY,1,638.02
TDB_000006326,2024-09-19 22:16:18,TDB_CUST_5214938,TSLA,BUY,1,638.02
TDB_000006327,2024-09-19 22:16:18,TDB_CUST_5214938,TSLA,BUY,1,638.02
TDB_000006328,2024-09-19 22:16:18,TDB_CUST_5214938,TSLA,BUY,1,638.02
TDB_000006329,2024-09-19 22:16:18,TDB_CUST_5214938,TSLA,BUY,1,638.02
TDB_000006330,2024-09-19 22:16:18,TDB_CUST_5214938,TSLA,BUY,1,638.02
TDB_000006331,2024-09-19 22:16:18,TDB_CUST_5214938,TSLA,BUY,1,638.02
TDB_000006332,2024-09-19 22:16:18,TDB_CUST_5214938,TSLA,BUY,1,638.02
TDB_000006333,2024-09-19 22:16:18,TDB_CUST_5214938,TSLA,BUY,1,638.02
TDB_000006334,2024-09-19 22:16:18,TDB_CUST_5214938,TSLA,BUY,1,638.02
TDB_000006335,2024-09-19 22:16:18,TDB_CUST_5214938,TSLA,BUY,1,638.02
TDB_000006336,2024-09-19 22:16:18,TDB_CUST_5214938,TSLA,BUY,1,638.02
TDB_000006337,2024-09-19 22:16:18,TDB_CUST_5214938,TSLA,BUY,1,638.02
TDB_000006338,2024-09-19 22:16:18,TDB_CUST_5214938,TSLA,BUY,1,638.02
TDB_000006339,2024-09-19 22:16:18,TDB_CUST_5214938,TSLA,BUY,1,638.02
TDB_000006340,2024-09-19 22:16:18,TDB_CUST_5214938,TSLA,BUY,1,638.02
TDB_000006341,2024-09-19 22:16:18,TDB_CUST_5214938,TSLA,BUY,1,638.02
TDB_000006342,2024-09-19 22:16:18,TDB_CUST_5214938,TSLA,BUY,1,638.02
TDB_000006343,2024-09-19 22:16:18,TDB_CUST_5214938,TSLA,BUY,1,638.02
TDB_000006344,2024-09-19 22:16:18,TDB_CUST_5214938,TSLA,BUY,1,638.02
TDB_000006345,2024-09-19 22:16:18,TDB_CUST_5214938,TSLA,BUY,1,638.02
TDB_000006346,2024-09-19 22:16:18,TDB_CUST_5214938,TSLA,BUY,1,638.02
TDB_000006347,2024-09-19 22:16:18,TDB_CUST_5214938,TSLA,BUY,1,638.02
TDB_000006348,2024-09-19 22:16:18,TDB_CUST_5214938,TSLA,BUY,1,638.02
TDB_000006349,2024-09-19 22:16:18,TDB_CUST_5214938,TSLA,BUY,1,638.02
TDB_000006350,2024-09-19 22:16:18,TDB_CUST_5214938,TSLA,BUY,1,638.02
TDB_000006351,2024-09-19 22:16:18,TDB_CUST_5214938,TSLA,BUY,1,638.02
TDB_000006352,2024-09-19 22:16:18,TDB_CUST_5214938,TSLA,BUY,1,638.02
TDB_000006353,2024-09-19 22:16:18,TDB_CUST_5214938,TSLA,BUY,1,638.02
TDB_000006354,2024-09-19 22:16:18,TDB_CUST_5214938,TSLA,BUY,1,638.02
TDB_000006355,2024-09-19 22:16:18,TDB_CUST_5214938,TSLA,BUY,1,638.02
TDB_000006356,2024-09-19 22:16:18,TDB_CUST_5214938,TSLA,BUY,1,638.02
TDB_000006357,2024-09-19 22:16:18,TDB_CUST_5214938,TSLA,BUY,1,638.02
TDB_000006358,2024-09-19 22:16:18,TDB_CUST_5214938,TSLA,BUY,1,638.02
TDB_000006359,2024-09-19 22:16:18,TDB_CUST_5214938,TSLA,BUY,1,638.02
TDB_000006360,2024-09-19 22:16:18,TDB_CUST_5214938,TSLA,BUY,1,638.02
TDB_000006361,2024-09-19 22:16:18,TDB_CUST_5214938,TSLA,BUY,1,638.02
TDB_000006362,2024-09-19 22:16:18,TDB_CUST_5214938,TSLA,BUY,1,638.02
TDB_000006363,2024-09-19 22:16:18,TDB_CUST_5214938,TSLA,BUY,1,638.02
TDB_000006364,2024-09-19 22:16:18,TDB_CUST_5214938,TSLA,BUY,1,638.02
TDB_000006365,2024-09-19 22:16:18,TDB_CUST_5214938,TSLA,BUY,1,638.02
TDB_000006366,2024-09-19 22:16:18,TDB_CUST_5214938,TSLA,BUY,1,638.02
TDB_000006367,2024-09-19 22:16:18,TDB_CUST_5214938,TSLA,BUY,1,638.02
TDB_000006368,2024-09-19 22:16:18,TDB_CUST_5214938,TSLA,BUY,1,638.02
TDB_000006369,2024-09-19 22:16:18,TDB_CUST_5214938,TSLA,BUY,1,638.02
TDB_000006370,2024-09-19 22:16:18,TDB_CUST_5214938,TSLA,BUY,1,638.02
TDB_000006371,2024-09-19 22:16:18,TDB_CUST_5214938,TSLA,BUY,1,638.02
TDB_000006372,2024-09-19 22:16:18,TDB_CUST_5214938,TSLA,BUY,1,638.02
TDB_000006373,2024-09-19 22:16:18,TDB_CUST_5214938,TSLA,BUY,1,638.02
TDB_000006374,2024-09-19 22:16:18,TDB_CUST_5214938,TSLA,BUY,1,638.02
TDB_000006375,2024-09-19 22:16:18,TDB_CUST_5214938,TSLA,BUY,1,638.02
TDB_000006376,2024-09-19 22:16:18,TDB_CUST_5214938,TSLA,BUY,1,638.02
TDB_000006377,2024-09-19 22:16:18,TDB_CUST_5214938,TSLA,BUY,1,638.02
TDB_000006378,2024-09-19 22:16:18,TDB_CUST_5214938,TSLA,BUY,1,638.02
TDB_000006379,2024-09-19 22:16:18,TDB_CUST_5214938,TSLA,BUY,1,638.02
TDB_000006380,2024-09-19 22:16:18,TDB_CUST_5214938,TSLA,BUY,1,638.02
TDB_000006381,2024-09-19 22:16:18,TDB_CUST_5214938,TSLA,BUY,1,638.02
TDB_000006382,2024-09-19 22:16:18,TDB_CUST_5214938,TSLA,BUY,1,638.02
TDB_000006383,2024-09-19 22:16:18,TDB_CUST_5214938,TSLA,BUY,1,638.02
TDB_000006384,2024-09-19 22:16:18,TDB_CUST_5214938,TSLA,BUY,1,638.02
TDB_000006385,2024-09-19 22:16:18,TDB_CUST_5214938,TSLA,BUY,1,638.02
TDB_000006386,2024-09-19 22:16:18,TDB_CUST_5214938,TSLA,BUY,1,638.02
TDB_000006387,2024-09-19 22:16:18,TDB_CUST_5214938,TSLA,BUY,1,638.02
TDB_000006388,2024-09-19 22:16:18,TDB_CUST_5214938,TSLA,BUY,1,638.02
TDB_000006389,2024-09-19 22:16:18,TDB_CUST_5214938,TSLA,BUY,1,638.02
TDB_000006390,2024-09-19 22:16:18,TDB_CUST_5214938,TSLA,BUY,1,638.02
TDB_000006391,2024-09-19 22:16:18,TDB_CUST_5214938,TSLA,BUY,1,638.02
TDB_000006392,2024-09-19 22:16:18,TDB_CUST_5214938,TSLA,BUY,1,638.02
TDB_000006393,2024-09-19 22:16:18,TDB_CUST_5214938,TSLA,BUY,1,638.02
TDB_000006394,2024-09-19 22:16:18,TDB_CUST_5214938,TSLA,BUY,1,638.02
TDB_000006395,2024-09-19 22:16:18,TDB_CUST_5214938,TSLA,BUY,1,638.02
TDB_000006396,2024-09-19 22:16:18,TDB_CUST_5214938,TSLA,BUY,1,638.02
TDB_000006397,2024-09-19 22:16:18,TDB_CUST_5214938,TSLA,BUY,1,638.02
TDB_000006398,2024-09-19 22:16:18,TDB_CUST_5214938,TSLA,BUY,1,638.02
TDB_000006399,2024-09-19 22:16:18,TDB_CUST_5214938,TSLA,BUY,1,638.02
TDB_000006400,2024-09-19 22:16:18,TDB_CUST_5214938,TSLA,BUY,1,638.02
TDB_000006401,2024-09-19 22:16:18,TDB_CUST_5214938,TSLA,BUY,1,638.02
TDB_000006402,2024-09-19 22:16:18,TDB_CUST_5214938,TSLA,BUY,1,638.02
TDB_000006403,2024-09-19 22:16:18,TDB_CUST_5214938,TSLA,BUY,1,638.02
TDB_000006404,2024-09-19 22:16:18,TDB_CUST_5214938,TSLA,BUY,1,638.02
TDB_000006405,2024-09-19 22:16:18,TDB_CUST_5214938,TSLA,BUY,1,638.02
TDB_000006406,2024-09-19 22:16:18,TDB_CUST_5214938,TSLA,BUY,1,638.02
TDB_000006407,2024-09-19 22:16:18,TDB_CUST_5214938,TSLA,BUY,1,638.02
TDB_000006408,2024-09-19 22:16:18,TDB_CUST_5214938,TSLA,BUY,1,638.02
TDB_000006409,2024-09-19 22:16:18,TDB_CUST_5214938,TSLA,BUY,1,638.02
TDB_000006410,2024-09-19 22:16:18,TDB_CUST_5214938,TSLA,BUY,1,638.02
TDB_000006411,2024-09-19 22:16:18,TDB_CUST_5214938,TSLA,BUY,1,638.02
TDB_000006412,2024-09-19 22:16:18,TDB_CUST_5214938,TSLA,BUY,1,638.02
TDB_000006413,2024-09-19 22:16:18,TDB_CUST_5214938,TSLA,BUY,1,638.02
TDB_000006414,2024-09-19 22:16:18,TDB_CUST_5214938,TSLA,BUY,1,638.02
TDB_000006415,2024-09-19 22:16:18,TDB_CUST_5214938,TSLA,BUY,1,638.02
TDB_000006416,2024-09-19 22:16:18,TDB_CUST_5214938,TSLA,BUY,1,638.02
TDB_000006417,2024-09-19 22:16:18,TDB_CUST_5214938,TSLA,BUY,1,638.02
TDB_000006418,2024-09-19 22:16:18,TDB_CUST_5214938,TSLA,BUY,1,638.02
TDB_000006419,2024-09-19 22:16:18,TDB_CUST_5214938,TSLA,BUY,1,638.02
TDB_000006420,2024-09-19 22:16:18,TDB_CUST_5214938,TSLA,BUY,1,638.02
TDB_000006421,2024-09-19 22:16:18,TDB_CUST_5214938,TSLA,BUY,1,638.02
TDB_000006422,2024-09-19 22:16:18,TDB_CUST_5214938,TSLA,BUY,1,638.02
TDB_000006423,2024-09-19 22:16:18,TDB_CUST_5214938,TSLA,BUY,1,638.02
TDB_000006424,2024-09-19 22:16:18,TDB_CUST_5214938,TSLA,BUY,1,638.02
TDB_000006425,2024-09-19 22:16:18,TDB_CUST_5214938,TSLA,BUY,1,638.02
TDB_000006426,2024-09-19 22:16:18,TDB_CUST_5214938,TSLA,BUY,1,638.02
TDB_000006427,2024-09-19 22:16:18,TDB_CUST_5214938,TSLA,BUY,1,638.02
TDB_000006428,2024-09-19 22:16:18,TDB_CUST_5214938,TSLA,BUY,1,638.02
TDB_000006429,2024-09-19 22:16:18,TDB_CUST_5214938,TSLA,BUY,1,638.02
TDB_000006430,2024-09-19 22:16:18,TDB_CUST_5214938,TSLA,BUY,1,638.02
TDB_000006431,2024-09-19 22:16:18,TDB_CUST_5214938,TSLA,BUY,1,638.02
TDB_000006432,2024-09-19 22:16:18,TDB_CUST_5214938,TSLA,BUY,1,638.02
TDB_000006433,2024-09-19 22:16:18,TDB_CUST_5214938,TSLA,BUY,1,638.02
TDB_000006434,2024-09-19 22:16:18,TDB_CUST_5214938,TSLA,BUY,1,638.02
TDB_000006435,2024-09-19 22:16:18,TDB_CUST_5214938,TSLA,BUY,1,638.02
TDB_000006436,2024-09-19 22:16:18,TDB_CUST_5214938,TSLA,BUY,1,638.02
TDB_000006437,2024-09-19 22:16:18,TDB_CUST_5214938,TSLA,BUY,1,638.02
TDB_000006438,2024-09-19 22:16:18,TDB_CUST_5214938,TSLA,BUY,1,638.02
TDB_000006439,2024-09-19 22:16:18,TDB_CUST_5214938,TSLA,BUY,1,638.02
TDB_000006440,2024-09-19 22:16:18,TDB_CUST_5214938,TSLA,BUY,1,638.02
TDB_000006441,2024-09-19 22:16:18,TDB_CUST_5214938,TSLA,BUY,1,638.02
TDB_000006442,2024-09-19 22:16:18,TDB_CUST_5214938,TSLA,BUY,1,638.02
TDB_000006443,2024-09-19 22:16:18,TDB_CUST_5214938,TSLA,BUY,1,638.02
TDB_000006444,2024-09-19 22:16:18,TDB_CUST_5214938,TSLA,BUY,1,638.02
TDB_000006445,2024-09-19 22:16:18,TDB_CUST_5214938,TSLA,BUY,1,638.02
TDB_000006446,2024-09-19 22:16:18,TDB_CUST_5214938,TSLA,BUY,1,638.02
TDB_000006447,2024-09-19 22:16:18,TDB_CUST_5214938,TSLA,BUY,1,638.02
TDB_000006448,2024-09-19 22:16:18,TDB_CUST_5214938,TSLA,BUY,1,638.02
TDB_000006449,2024-09-19 22:16:18,TDB_CUST_5214938,TSLA,BUY,1,638.02
TDB_000006450,2024-09-19 22:16:18,TDB_CUST_5214938,TSLA,BUY,1,638.02
TDB_000006451,2024-09-19 22:16:18,TDB_CUST_5214938,TSLA,BUY,1,638.02
TDB_000006452,2024-09-19 22:16:18,TDB_CUST_5214938,TSLA,BUY,1,638.02
TDB_000006453,2024-09-19 22:16:18,TDB_CUST_5214938,TSLA,BUY,1,638.02
TDB_000006454,2024-09-19 22:16:18,TDB_CUST_5214938,TSLA,BUY,1,638.02
TDB_000006455,2024-09-19 22:16:18,TDB_CUST_5214938,TSLA,BUY,1,638.02
TDB_000006456,2024-09-19 22:16:18,TDB_CUST_5214938,TSLA,BUY,1,638.02
TDB_000006457,2024-09-19 22:16:18,TDB_CUST_5214938,TSLA,BUY,1,638.02
TDB_000006458,2024-09-19 22:16:18,TDB_CUST_5214938,TSLA,BUY,1,638.02
TDB_000006459,2024-09-19 22:16:18,TDB_CUST_5214938,TSLA,BUY,1,638.02
TDB_000006460,2024-09-19 22:16:18,TDB_CUST_5214938,TSLA,BUY,1,638.02
TDB_000006461,2024-09-19 22:16:18,TDB_CUST_5214938,TSLA,BUY,1,638.02
TDB_000006462,2024-09-19 22:16:18,TDB_CUST_5214938,TSLA,BUY,1,638.02
TDB_000006463,2024-09-19 22:16:18,TDB_CUST_5214938,TSLA,BUY,1,638.02
TDB_000006464,2024-09-19 22:16:18,TDB_CUST_5214938,TSLA,BUY,1,638.02
TDB_000006465,2024-09-19 22:16:18,TDB_CUST_5214938,TSLA,BUY,1,638.02
TDB_000006466,2024-09-19 22:16:18,TDB_CUST_5214938,TSLA,BUY,1,638.02
TDB_000006467,2024-09-19 22:16:18,TDB_CUST_5214938,TSLA,BUY,1,638.02
TDB_000006468,2024-09-19 22:16:18,TDB_CUST_5214938,TSLA,BUY,1,638.02
TDB_000006469,2024-09-19 22:16:18,TDB_CUST_5214938,TSLA,BUY,1,638.02
TDB_000006470,2024-09-19 22:16:18,TDB_CUST_5214938,TSLA,BUY,1,638.02
TDB_000006471,2024-09-19 22:16:18,TDB_CUST_5214938,TSLA,BUY,1,638.02
TDB_000006472,2024-09-19 22:16:18,TDB_CUST_5214938,TSLA,BUY,1,638.02
TDB_000006473,2024-09-19 22:16:18,TDB_CUST_5214938,TSLA,BUY,1,638.02
TDB_000006474,2024-09-19 22:16:18,TDB_CUST_5214938,TSLA,BUY,1,638.02
TDB_000006475,2024-09-19 22:16:18,TDB_CUST_5214938,TSLA,BUY,1,638.02
TDB_000006476,2024-09-19 22:16:18,TDB_CUST_5214938,TSLA,BUY,1,638.02
TDB_000006477,2024-09-19 22:16:18,TDB_CUST_5214938,TSLA,BUY,1,638.02
TDB_000006478,2024-09-19 22:16:18,TDB_CUST_5214938,TSLA,BUY,1,638.02
TDB_000006479,2024-09-19 22:16:18,TDB_CUST_5214938,TSLA,BUY,1,638.02
TDB_000006480,2024-09-19 22:16:18,TDB_CUST_5214938,TSLA,BUY,1,638.02
TDB_000006481,2024-09-19 22:16:18,TDB_CUST_5214938,TSLA,BUY,1,638.02
TDB_000006482,2024-09-19 22:16:18,TDB_CUST_5214938,TSLA,BUY,1,638.02
TDB_000006483,2024-09-19 22:16:18,TDB_CUST_5214938,TSLA,BUY,1,638.02
TDB_000006484,2024-09-19 22:16:18,TDB_CUST_5214938,TSLA,BUY,1,638.02
TDB_000006485,2024-09-19 22:16:18,TDB_CUST_5214938,TSLA,BUY,1,638.02
TDB_000006486,2024-09-19 22:16:18,TDB_CUST_5214938,TSLA,BUY,1,638.02
TDB_000006487,2024-09-19 22:16:18,TDB_CUST_5214938,TSLA,BUY,1,638.02
TDB_000006488,2024-09-19 22:16:18,TDB_CUST_5214938,TSLA,BUY,1,638.02
TDB_000006489,2024-09-19 22:16:18,TDB_CUST_5214938,TSLA,BUY,1,638.02
TDB_000006490,2024-09-19 22:16:18,TDB_CUST_5214938,TSLA,BUY,1,638.02
TDB_000006491,2024-09-19 22:16:18,TDB_CUST_5214938,TSLA,BUY,1,638.02
TDB_000006492,2024-09-19 22:16:18,TDB_CUST_5214938,TSLA,BUY,1,638.02
TDB_000006493,2024-09-19 22:16:18,TDB_CUST_5214938,TSLA,BUY,1,638.02
TDB_000006494,2024-09-19 22:16:18,TDB_CUST_5214938,TSLA,BUY,1,638.02
TDB_000006495,2024-09-19 22:16:18,TDB_CUST_5214938,TSLA,BUY,1,638.02
TDB_000006496,2024-09-19 22:16:18,TDB_CUST_5214938,TSLA,BUY,1,638.02
TDB_000006497,2024-09-19 22:16:18,TDB_CUST_5214938,TSLA,BUY,1,638.02
TDB_000006498,2024-09-19 22:16:18,TDB_CUST_5214938,TSLA,BUY,1,638.02
TDB_000006499,2024-09-19 22:16:18,TDB_CUST_5214938,TSLA,BUY,1,638.02
TDB_000006500,2024-09-19 22:16:18,TDB_CUST_5214938,TSLA,BUY,1,638.02
TDB_000006501,2024-09-19 22:16:18,TDB_CUST_5214938,TSLA,BUY,1,638.02
TDB_000006502,2024-09-19 22:16:18,TDB_CUST_5214938,TSLA,BUY,1,638.02
TDB_000006503,2024-09-19 22:16:18,TDB_CUST_5214938,TSLA,BUY,1,638.02
TDB_000006504,2024-09-19 22:16:18,TDB_CUST_5214938,TSLA,BUY,1,638.02
TDB_000006505,2024-09-19 22:16:18,TDB_CUST_5214938,TSLA,BUY,1,638.02
TDB_000006506,2024-09-19 22:16:18,TDB_CUST_5214938,TSLA,BUY,1,638.02
TDB_000006507,2024-09-19 22:16:18,TDB_CUST_5214938,TSLA,BUY,1,638.02
TDB_000006508,2024-09-19 22:16:18,TDB_CUST_5214938,TSLA,BUY,1,638.02
TDB_000006509,2024-09-19 22:16:18,TDB_CUST_5214938,TSLA,BUY,1,638.02
TDB_000006510,2024-09-19 22:16:18,TDB_CUST_5214938,TSLA,BUY,1,638.02
TDB_000006511,2024-09-19 22:16:18,TDB_CUST_5214938,TSLA,BUY,1,638.02
TDB_000006512,2024-09-19 22:16:18,TDB_CUST_5214938,TSLA,BUY,1,638.02
TDB_000006513,2024-09-19 22:16:18,TDB_CUST_5214938,TSLA,BUY,1,638.02
TDB_000006514,2024-09-19 22:16:18,TDB_CUST_5214938,TSLA,BUY,1,638.02
TDB_000006515,2024-09-19 22:16:18,TDB_CUST_5214938,TSLA,BUY,1,638.02
TDB_000006516,2024-09-19 22:16:18,TDB_CUST_5214938,TSLA,BUY,1,638.02
TDB_000006517,2024-09-19 22:16:18,TDB_CUST_5214938,TSLA,BUY,1,638.02
TDB_000006518,2024-09-19 22:16:18,TDB_CUST_5214938,TSLA,BUY,1,638.02
TDB_000006519,2024-09-19 22:16:18,TDB_CUST_5214938,TSLA,BUY,1,638.02
TDB_000006520,2024-09-19 22:16:18,TDB_CUST_5214938,TSLA,BUY,1,638.02
TDB_000006521,2024-09-19 22:16:18,TDB_CUST_5214938,TSLA,BUY,1,638.02
TDB_000006522,2024-09-19 22:16:18,TDB_CUST_5214938,TSLA,BUY,1,638.02
TDB_000006523,2024-09-19 22:16:18,TDB_CUST_5214938,TSLA,BUY,1,638.02
TDB_000006524,2024-09-19 22:16:18,TDB_CUST_5214938,TSLA,BUY,1,638.02
TDB_000006525,2024-09-19 22:16:18,TDB_CUST_5214938,TSLA,BUY,1,638.02
TDB_000006526,2024-09-19 22:16:18,TDB_CUST_5214938,TSLA,BUY,1,638.02
TDB_000006527,2024-09-19 22:16:18,TDB_CUST_5214938,TSLA,BUY,1,638.02
TDB_000006528,2024-09-19 22:16:18,TDB_CUST_5214938,TSLA,BUY,1,638.02
TDB_000006529,2024-09-19 22:16:18,TDB_CUST_5214938,TSLA,BUY,1,638.02
TDB_000006530,2024-09-19 22:16:18,TDB_CUST_5214938,TSLA,BUY,1,638.02
TDB_000006531,2024-09-19 22:16:18,TDB_CUST_5214938,TSLA,BUY,1,638.02
TDB_000006532,2024-09-19 22:16:18,TDB_CUST_5214938,TSLA,BUY,1,638.02
TDB_000006533,2024-09-19 22:16:18,TDB_CUST_5214938,TSLA,BUY,1,638.02
TDB_000006534,2024-09-19 22:16:18,TDB_CUST_5214938,TSLA,BUY,1,638.02
TDB_000006535,2024-09-19 22:16:18,TDB_CUST_5214938,TSLA,BUY,1,638.02
TDB_000006536,2024-09-19 22:16:18,TDB_CUST_5214938,TSLA,BUY,1,638.02
TDB_000006537,2024-09-19 22:16:18,TDB_CUST_5214938,TSLA,BUY,1,638.02
TDB_000006538,2024-09-19 22:16:18,TDB_CUST_5214938,TSLA,BUY,1,638.02
TDB_000006539,2024-09-19 22:16:18,TDB_CUST_5214938,TSLA,BUY,1,638.02
TDB_000006540,2024-09-19 22:16:18,TDB_CUST_5214938,TSLA,BUY,1,638.02
TDB_000006541,2024-09-19 22:16:18,TDB_CUST_5214938,TSLA,BUY,1,638.02
TDB_000006542,2024-09-19 22:16:18,TDB_CUST_5214938,TSLA,BUY,1,638.02
TDB_000006543,2024-09-19 22:16:18,TDB_CUST_5214938,TSLA,BUY,1,638.02
TDB_000006544,2024-09-19 22:16:18,TDB_CUST_5214938,TSLA,BUY,1,638.02
TDB_000006545,2024-09-19 22:16:18,TDB_CUST_5214938,TSLA,BUY,1,638.02
TDB_000006546,2024-09-19 22:16:18,TDB_CUST_5214938,TSLA,BUY,1,638.02
TDB_000006547,2024-09-19 22:16:18,TDB_CUST_5214938,TSLA,BUY,1,638.02
TDB_000006548,2024-09-19 22:16:18,TDB_CUST_5214938,TSLA,BUY,1,638.02
TDB_000006549,2024-09-19 22:16:18,TDB_CUST_5214938,TSLA,BUY,1,638.02
TDB_000006550,2024-09-19 22:16:18,TDB_CUST_5214938,TSLA,BUY,1,638.02
TDB_000006551,2024-09-19 22:16:18,TDB_CUST_5214938,TSLA,BUY,1,638.02
TDB_000006552,2024-09-19 22:16:18,TDB_CUST_5214938,TSLA,BUY,1,638.02
TDB_000006553,2024-09-19 22:16:18,TDB_CUST_5214938,TSLA,BUY,1,638.02
TDB_000006554,2024-09-19 22:16:18,TDB_CUST_5214938,TSLA,BUY,1,638.02
TDB_000006555,2024-09-19 22:16:18,TDB_CUST_5214938,TSLA,BUY,1,638.02
TDB_000006556,2024-09-19 22:16:18,TDB_CUST_5214938,TSLA,BUY,1,638.02
TDB_000006557,2024-09-19 22:16:18,TDB_CUST_5214938,TSLA,BUY,1,638.02
TDB_000006558,2024-09-19 22:16:18,TDB_CUST_5214938,TSLA,BUY,1,638.02
TDB_000006559,2024-09-19 22:16:18,TDB_CUST_5214938,TSLA,BUY,1,638.02
TDB_000006560,2024-09-19 22:16:18,TDB_CUST_5214938,TSLA,BUY,1,638.02
TDB_000006561,2024-09-19 22:16:18,TDB_CUST_5214938,TSLA,BUY,1,638.02
TDB_000006562,2024-09-19 22:16:18,TDB_CUST_5214938,TSLA,BUY,1,638.02
TDB_000006563,2024-09-19 22:16:18,TDB_CUST_5214938,TSLA,BUY,1,638.02
TDB_000006564,2024-09-19 22:16:18,TDB_CUST_5214938,TSLA,BUY,1,638.02
TDB_000006565,2024-09-19 22:16:18,TDB_CUST_5214938,TSLA,BUY,1,638.02
TDB_000006566,2024-09-19 22:16:18,TDB_CUST_5214938,TSLA,BUY,1,638.02
TDB_000006567,2024-09-19 22:16:18,TDB_CUST_5214938,TSLA,BUY,1,638.02
TDB_000006568,2024-09-19 22:16:18,TDB_CUST_5214938,TSLA,BUY,1,638.02
TDB_000006569,2024-09-19 22:16:18,TDB_CUST_5214938,TSLA,BUY,1,638.02
TDB_000006570,2024-09-19 22:16:18,TDB_CUST_5214938,TSLA,BUY,1,638.02
TDB_000006571,2024-09-19 22:16:18,TDB_CUST_5214938,TSLA,BUY,1,638.02
TDB_000006572,2024-09-19 22:16:18,TDB_CUST_5214938,TSLA,BUY,1,638.02
TDB_000006573,2024-09-19 22:16:18,TDB_CUST_5214938,TSLA,BUY,1,638.02
TDB_000006574,2024-09-19 22:16:18,TDB_CUST_5214938,TSLA,BUY,1,638.02
TDB_000006575,2024-09-19 22:16:18,TDB_CUST_5214938,TSLA,BUY,1,638.02
TDB_000006576,2024-09-19 22:16:18,TDB_CUST_5214938,TSLA,BUY,1,638.02
TDB_000006577,2024-09-19 22:16:18,TDB_CUST_5214938,TSLA,BUY,1,638.02
TDB_000006578,2024-09-19 22:16:18,TDB_CUST_5214938,TSLA,BUY,1,638.02
TDB_000006579,2024-09-19 22:16:18,TDB_CUST_5214938,TSLA,BUY,1,638.02
TDB_000006580,2024-09-19 22:16:18,TDB_CUST_5214938,TSLA,BUY,1,638.02
TDB_000006581,2024-09-19 22:16:18,TDB_CUST_5214938,TSLA,BUY,1,638.02
TDB_000006582,2024-09-19 22:16:18,TDB_CUST_5214938,TSLA,BUY,1,638.02
TDB_000006583,2024-09-19 22:16:18,TDB_CUST_5214938,TSLA,BUY,1,638.02
TDB_000006584,2024-09-19 22:16:18,TDB_CUST_5214938,TSLA,BUY,1,638.02
TDB_000006585,2024-09-19 22:16:18,TDB_CUST_5214938,TSLA,BUY,1,638.02
TDB_000006586,2024-09-19 22:16:18,TDB_CUST_5214938,TSLA,BUY,1,638.02
TDB_000006587,2024-09-19 22:16:18,TDB_CUST_5214938,TSLA,BUY,1,638.02
TDB_000006588,2024-09-19 22:16:18,TDB_CUST_5214938,TSLA,BUY,1,638.02
TDB_000006589,2024-09-19 22:16:18,TDB_CUST_5214938,TSLA,BUY,1,638.02
TDB_000006590,2024-09-19 22:16:18,TDB_CUST_5214938,TSLA,BUY,1,638.02
TDB_000006591,2024-09-19 22:16:18,TDB_CUST_5214938,TSLA,BUY,1,638.02
TDB_000006592,2024-09-19 22:16:18,TDB_CUST_5214938,TSLA,BUY,1,638.02
TDB_000006593,2024-09-19 22:16:18,TDB_CUST_5214938,TSLA,BUY,1,638.02
TDB_000006594,2024-09-19 22:16:18,TDB_CUST_5214938,TSLA,BUY,1,638.02
TDB_000006595,2024-09-19 22:16:18,TDB_CUST_5214938,TSLA,BUY,1,638.02
TDB_000006596,2024-09-19 22:16:18,TDB_CUST_5214938,TSLA,BUY,1,638.02
TDB_000006597,2024-09-19 22:16:18,TDB_CUST_5214938,TSLA,BUY,1,638.02
TDB_000006598,2024-09-19 22:16:18,TDB_CUST_5214938,TSLA,BUY,1,638.02
TDB_000006599,2024-09-19 22:16:18,TDB_CUST_5214938,TSLA,BUY,1,638.02
TDB_000006600,2024-09-19 22:16:18,TDB_CUST_5214938,TSLA,BUY,1,638.02
TDB_000006601,2024-09-19 22:16:18,TDB_CUST_5214938,TSLA,BUY,1,638.02
TDB_000006602,2024-09-19 22:16:18,TDB_CUST_5214938,TSLA,BUY,1,638.02
TDB_000006603,2024-09-19 22:16:18,TDB_CUST_5214938,TSLA,BUY,1,638.02
TDB_000006604,2024-09-19 22:16:18,TDB_CUST_5214938,TSLA,BUY,1,638.02
TDB_000006605,2024-09-19 22:16:18,TDB_CUST_5214938,TSLA,BUY,1,638.02
TDB_000006606,2024-09-19 22:16:18,TDB_CUST_5214938,TSLA,BUY,1,638.02
TDB_000006607,2024-09-19 22:16:18,TDB_CUST_5214938,TSLA,BUY,1,638.02
TDB_000006608,2024-09-19 22:16:18,TDB_CUST_5214938,TSLA,BUY,1,638.02
TDB_000006609,2024-09-19 22:16:18,TDB_CUST_5214938,TSLA,BUY,1,638.02
TDB_000006610,2024-09-19 22:16:18,TDB_CUST_5214938,TSLA,BUY,1,638.02
TDB_000006611,2024-09-19 22:16:18,TDB_CUST_5214938,TSLA,BUY,1,638.02
TDB_000006612,2024-09-19 22:16:18,TDB_CUST_5214938,TSLA,BUY,1,638.02
TDB_000006613,2024-09-19 22:16:18,TDB_CUST_5214938,TSLA,BUY,1,638.02
TDB_000006614,2024-09-19 22:16:18,TDB_CUST_5214938,TSLA,BUY,1,638.02
TDB_000006615,2024-09-19 22:16:18,TDB_CUST_5214938,TSLA,BUY,1,638.02
TDB_000006616,2024-09-19 22:16:18,TDB_CUST_5214938,TSLA,BUY,1,638.02
TDB_000006617,2024-09-19 22:16:18,TDB_CUST_5214938,TSLA,BUY,1,638.02
TDB_000006618,2024-09-19 22:16:18,TDB_CUST_5214938,TSLA,BUY,1,638.02
TDB_000006619,2024-09-19 22:16:18,TDB_CUST_5214938,TSLA,BUY,1,638.02
TDB_000006620,2024-09-19 22:16:18,TDB_CUST_5214938,TSLA,BUY,1,638.02
TDB_000006621,2024-09-19 22:16:18,TDB_CUST_5214938,TSLA,BUY,1,638.02
TDB_000006622,2024-09-19 22:16:18,TDB_CUST_5214938,TSLA,BUY,1,638.02
TDB_000006623,2024-09-19 22:16:18,TDB_CUST_5214938,TSLA,BUY,1,638.02
TDB_000006624,2024-09-19 22:16:18,TDB_CUST_5214938,TSLA,BUY,1,638.02
TDB_000006625,2024-09-19 22:16:18,TDB_CUST_5214938,TSLA,BUY,1,638.02
TDB_000006626,2024-09-19 22:16:18,TDB_CUST_5214938,TSLA,BUY,1,638.02
TDB_000006627,2024-09-19 22:16:18,TDB_CUST_5214938,TSLA,BUY,1,638.02
TDB_000006628,2024-09-19 22:16:18,TDB_CUST_5214938,TSLA,BUY,1,638.02
TDB_000006629,2024-09-19 22:16:18,TDB_CUST_5214938,TSLA,BUY,1,638.02
TDB_000006630,2024-09-19 22:16:18,TDB_CUST_5214938,TSLA,BUY,1,638.02
TDB_000006631,2024-09-19 22:16:18,TDB_CUST_5214938,TSLA,BUY,1,638.02
TDB_000006632,2024-09-19 22:16:18,TDB_CUST_5214938,TSLA,BUY,1,638.02
TDB_000006633,2024-09-19 22:16:18,TDB_CUST_5214938,TSLA,BUY,1,638.02
TDB_000006634,2024-09-19 22:16:18,TDB_CUST_5214938,TSLA,BUY,1,638.02
TDB_000006635,2024-09-19 22:16:18,TDB_CUST_5214938,TSLA,BUY,1,638.02
TDB_000006636,2024-09-19 22:16:18,TDB_CUST_5214938,TSLA,BUY,1,638.02
TDB_000006637,2024-09-19 22:16:18,TDB_CUST_5214938,TSLA,BUY,1,638.02
TDB_000006638,2024-09-19 22:16:18,TDB_CUST_5214938,TSLA,BUY,1,638.02
TDB_000006639,2024-09-19 22:16:18,TDB_CUST_5214938,TSLA,BUY,1,638.02
TDB_000006640,2024-09-19 22:16:18,TDB_CUST_5214938,TSLA,BUY,1,638.02
TDB_000006641,2024-09-19 22:16:18,TDB_CUST_5214938,TSLA,BUY,1,638.02
TDB_000006642,2024-09-19 22:16:18,TDB_CUST_5214938,TSLA,BUY,1,638.02
TDB_000006643,2024-09-19 22:16:18,TDB_CUST_5214938,TSLA,BUY,1,638.02
TDB_000006644,2024-09-19 22:16:18,TDB_CUST_5214938,TSLA,BUY,1,638.02
TDB_000006645,2024-09-19 22:16:18,TDB_CUST_5214938,TSLA,BUY,1,638.02
TDB_000006646,2024-09-19 22:16:18,TDB_CUST_5214938,TSLA,BUY,1,638.02
TDB_000006647,2024-09-19 22:16:18,TDB_CUST_5214938,TSLA,BUY,1,638.02
TDB_000006648,2024-09-19 22:16:18,TDB_CUST_5214938,TSLA,BUY,1,638.02
TDB_000006649,2024-09-19 22:16:18,TDB_CUST_5214938,TSLA,BUY,1,638.02
TDB_000006650,2024-09-19 22:16:18,TDB_CUST_5214938,TSLA,BUY,1,638.02
TDB_000006651,2024-09-19 22:16:18,TDB_CUST_5214938,TSLA,BUY,1,638.02
TDB_000006652,2024-09-19 22:16:18,TDB_CUST_5214938,TSLA,BUY,1,638.02
TDB_000006653,2024-09-19 22:16:18,TDB_CUST_5214938,TSLA,BUY,1,638.02
TDB_000006654,2024-09-19 22:16:18,TDB_CUST_5214938,TSLA,BUY,1,638.02
TDB_000006655,2024-09-19 22:16:18,TDB_CUST_5214938,TSLA,BUY,1,638.02
TDB_000006656,2024-09-19 22:16:18,TDB_CUST_5214938,TSLA,BUY,1,638.02
TDB_000006657,2024-09-19 22:16:18,TDB_CUST_5214938,TSLA,BUY,1,638.02
TDB_000006658,2024-09-19 22:16:18,TDB_CUST_5214938,TSLA,BUY,1,638.02
TDB_000006659,2024-09-19 22:16:18,TDB_CUST_5214938,TSLA,BUY,1,638.02
TDB_000006660,2024-09-19 22:16:18,TDB_CUST_5214938,TSLA,BUY,1,638.02
TDB_000006661,2024-09-19 22:16:18,TDB_CUST_5214938,TSLA,BUY,1,638.02
TDB_000006662,2024-09-19 22:16:18,TDB_CUST_5214938,TSLA,BUY,1,638.02
TDB_000006663,2024-09-19 22:16:18,TDB_CUST_5214938,TSLA,BUY,1,638.02
TDB_000006664,2024-09-19 22:16:18,TDB_CUST_5214938,TSLA,BUY,1,638.02
TDB_000006665,2024-09-19 22:16:18,TDB_CUST_5214938,TSLA,BUY,1,638.02
TDB_000006666,2024-09-19 22:16:18,TDB_CUST_5214938,TSLA,BUY,1,638.02
TDB_000006667,2024-09-19 22:16:18,TDB_CUST_5214938,TSLA,BUY,1,638.02
TDB_000006668,2024-09-19 22:16:18,TDB_CUST_5214938,TSLA,BUY,1,638.02
TDB_000006669,2024-09-19 22:16:18,TDB_CUST_5214938,TSLA,BUY,1,638.02
TDB_000006670,2024-09-19 22:16:18,TDB_CUST_5214938,TSLA,BUY,1,638.02
TDB_000006671,2024-09-19 22:16:18,TDB_CUST_5214938,TSLA,BUY,1,638.02
TDB_000006672,2024-09-19 22:16:18,TDB_CUST_5214938,TSLA,BUY,1,638.02
TDB_000006673,2024-09-19 22:16:18,TDB_CUST_5214938,TSLA,BUY,1,638.02
TDB_000006674,2024-09-19 22:16:18,TDB_CUST_5214938,TSLA,BUY,1,638.02
TDB_000006675,2024-09-19 22:16:18,TDB_CUST_5214938,TSLA,BUY,1,638.02
TDB_000006676,2024-09-19 22:16:18,TDB_CUST_5214938,TSLA,BUY,1,638.02
TDB_000006677,2024-09-19 22:16:18,TDB_CUST_5214938,TSLA,BUY,1,638.02
TDB_000006678,2024-09-19 22:16:18,TDB_CUST_5214938,TSLA,BUY,1,638.02
TDB_000006679,2024-09-19 22:16:18,TDB_CUST_5214938,TSLA,BUY,1,638.02
TDB_000006680,2024-09-19 22:16:18,TDB_CUST_5214938,TSLA,BUY,1,638.02
TDB_000006681,2024-09-19 22:16:18,TDB_CUST_5214938,TSLA,BUY,1,638.02
TDB_000006682,2024-09-19 22:16:18,TDB_CUST_5214938,TSLA,BUY,1,638.02
TDB_000006683,2024-09-19 22:16:18,TDB_CUST_5214938,TSLA,BUY,1,638.02
TDB_000006684,2024-09-19 22:16:18,TDB_CUST_5214938,TSLA,BUY,1,638.02
TDB_000006685,2024-09-19 22:16:18,TDB_CUST_5214938,TSLA,BUY,1,638.02
TDB_000006686,2024-09-19 22:16:18,TDB_CUST_5214938,TSLA,BUY,1,638.02
TDB_000006687,2024-09-19 22:16:18,TDB_CUST_5214938,TSLA,BUY,1,638.02
TDB_000006688,2024-09-19 22:16:18,TDB_CUST_5214938,TSLA,BUY,1,638.02
TDB_000006689,2024-09-19 22:16:18,TDB_CUST_5214938,TSLA,BUY,1,638.02
TDB_000006690,2024-09-19 22:16:18,TDB_CUST_5214938,TSLA,BUY,1,638.02
TDB_000006691,2024-09-19 22:16:18,TDB_CUST_5214938,TSLA,BUY,1,638.02
TDB_000006692,2024-09-19 22:16:18,TDB_CUST_5214938,TSLA,BUY,1,638.02
TDB_000006693,2024-09-19 22:16:18,TDB_CUST_5214938,TSLA,BUY,1,638.02
TDB_000006694,2024-09-19 22:16:18,TDB_CUST_5214938,TSLA,BUY,1,638.02
TDB_000006695,2024-09-19 22:16:18,TDB_CUST_5214938,TSLA,BUY,1,638.02
TDB_000006696,2024-09-19 22:16:18,TDB_CUST_5214938,TSLA,BUY,1,638.02
TDB_000006697,2024-09-19 22:16:18,TDB_CUST_5214938,TSLA,BUY,1,638.02
TDB_000006698,2024-09-19 22:16:18,TDB_CUST_5214938,TSLA,BUY,1,638.02
TDB_000006699,2024-09-19 22:16:18,TDB_CUST_5214938,TSLA,BUY,1,638.02
TDB_000006700,2024-09-19 22:16:18,TDB_CUST_5214938,TSLA,BUY,1,638.02
TDB_000006701,2024-09-19 22:16:18,TDB_CUST_5214938,TSLA,BUY,1,638.02
TDB_000006702,2024-09-19 22:16:18,TDB_CUST_5214938,TSLA,BUY,1,638.02
TDB_000006703,2024-09-19 22:16:18,TDB_CUST_5214938,TSLA,BUY,1,638.02
TDB_000006704,2024-09-19 22:16:18,TDB_CUST_5214938,TSLA,BUY,1,638.02
TDB_000006705,2024-09-19 22:16:18,TDB_CUST_5214938,TSLA,BUY,1,638.02
TDB_000006706,2024-09-19 22:16:18,TDB_CUST_5214938,TSLA,BUY,1,638.02
TDB_000006707,2024-09-19 22:16:18,TDB_CUST_5214938,TSLA,BUY,1,638.02
TDB_000006708,2024-09-19 22:16:18,TDB_CUST_5214938,TSLA,BUY,1,638.02
TDB_000006709,2024-09-19 22:16:18,TDB_CUST_5214938,TSLA,BUY,1,638.02
TDB_000006710,2024-09-19 22:16:18,TDB_CUST_5214938,TSLA,BUY,1,638.02
TDB_000006711,2024-09-19 22:16:18,TDB_CUST_5214938,TSLA,BUY,1,638.02
TDB_000006712,2024-09-19 22:16:18,TDB_CUST_5214938,TSLA,BUY,1,638.02
TDB_000006713,2024-09-19 22:16:18,TDB_CUST_5214938,TSLA,BUY,1,638.02
TDB_000006714,2024-09-19 22:16:18,TDB_CUST_5214938,TSLA,BUY,1,638.02
TDB_000006715,2024-09-19 22:16:18,TDB_CUST_5214938,TSLA,BUY,1,638.02
TDB_000006716,2024-09-19 22:16:18,TDB_CUST_5214938,TSLA,BUY,1,638.02
TDB_000006717,2024-09-19 22:16:18,TDB_CUST_5214938,TSLA,BUY,1,638.02
TDB_000006718,2024-09-19 22:16:18,TDB_CUST_5214938,TSLA,BUY,1,638.02
TDB_000006719,2024-09-19 22:16:18,TDB_CUST_5214938,TSLA,BUY,1,638.02
TDB_000006720,2024-09-19 22:16:18,TDB_CUST_5214938,TSLA,BUY,1,638.02
TDB_000006721,2024-09-19 22:16:18,TDB_CUST_5214938,TSLA,BUY,1,638.02
TDB_000006722,2024-09-19 22:16:18,TDB_CUST_5214938,TSLA,BUY,1,638.02
TDB_000006723,2024-09-19 22:16:18,TDB_CUST_5214938,TSLA,BUY,1,638.02
TDB_000006724,2024-09-19 22:16:18,TDB_CUST_5214938,TSLA,BUY,1,638.02
TDB_000006725,2024-09-19 22:16:18,TDB_CUST_5214938,TSLA,BUY,1,638.02
TDB_000006726,2024-09-19 22:16:18,TDB_CUST_5214938,TSLA,BUY,1,638.02
TDB_000006727,2024-09-19 22:16:18,TDB_CUST_5214938,TSLA,BUY,1,638.02
TDB_000006728,2024-09-19 22:16:18,TDB_CUST_5214938,TSLA,BUY,1,638.02
TDB_000006729,2024-09-19 22:16:18,TDB_CUST_5214938,TSLA,BUY,1,638.02
TDB_000006730,2024-09-19 22:16:18,TDB_CUST_5214938,TSLA,BUY,1,638.02
TDB_000006731,2024-09-19 22:16:18,TDB_CUST_5214938,TSLA,BUY,1,638.02
TDB_000006732,2024-09-19 22:16:18,TDB_CUST_5214938,TSLA,BUY,1,638.02
TDB_000006733,2024-09-19 22:16:18,TDB_CUST_5214938,TSLA,BUY,1,638.02
TDB_000006734,2024-09-19 22:16:18,TDB_CUST_5214938,TSLA,BUY,1,638.02
TDB_000006735,2024-09-19 22:16:18,TDB_CUST_5214938,TSLA,BUY,1,638.02
TDB_000006736,2024-09-19 22:16:18,TDB_CUST_5214938,TSLA,BUY,1,638.02
TDB_000006737,2024-09-19 22:16:18,TDB_CUST_5214938,TSLA,BUY,1,638.02
TDB_000006738,2024-09-19 22:16:18,TDB_CUST_5214938,TSLA,BUY,1,638.02
TDB_000006739,2024-09-19 22:16:18,TDB_CUST_5214938,TSLA,BUY,1,638.02
TDB_000006740,2024-09-19 22:16:18,TDB_CUST_5214938,TSLA,BUY,1,638.02
TDB_000006741,2024-09-19 22:16:18,TDB_CUST_5214938,TSLA,BUY,1,638.02
TDB_000006742,2024-09-19 22:16:18,TDB_CUST_5214938,TSLA,BUY,1,638.02
TDB_000006743,2024-09-19 22:16:18,TDB_CUST_5214938,TSLA,BUY,1,638.02
TDB_000006744,2024-09-19 22:16:18,TDB_CUST_5214938,TSLA,BUY,1,638.02
TDB_000006745,2024-09-19 22:16:18,TDB_CUST_5214938,TSLA,BUY,1,638.02
TDB_000006746,2024-09-19 22:16:18,TDB_CUST_5214938,TSLA,BUY,1,638.02
TDB_000006747,2024-09-19 22:16:18,TDB_CUST_5214938,TSLA,BUY,1,638.02
TDB_000006748,2024-09-19 22:16:18,TDB_CUST_5214938,TSLA,BUY,1,638.02
TDB_000006749,2024-09-19 22:16:18,TDB_CUST_5214938,TSLA,BUY,1,638.02
TDB_000006750,2024-09-19 22:16:18,TDB_CUST_5214938,TSLA,BUY,1,638.02
TDB_000006751,2024-09-19 22:16:18,TDB_CUST_5214938,TSLA,BUY,1,638.02
TDB_000006752,2024-09-19 22:16:18,TDB_CUST_5214938,TSLA,BUY,1,638.02
TDB_000006753,2024-09-19 22:16:18,TDB_CUST_5214938,TSLA,BUY,1,638.02
TDB_000006754,2024-09-19 22:16:18,TDB_CUST_5214938,TSLA,BUY,1,638.02
TDB_000006755,2024-09-19 22:16:18,TDB_CUST_5214938,TSLA,BUY,1,638.02
TDB_000006756,2024-09-19 22:16:18,TDB_CUST_5214938,TSLA,BUY,1,638.02
TDB_000006757,2024-09-19 22:16:18,TDB_CUST_5214938,TSLA,BUY,1,638.02
TDB_000006758,2024-09-19 22:16:18,TDB_CUST_5214938,TSLA,BUY,1,638.02
TDB_000006759,2024-09-19 22:16:18,TDB_CUST_5214938,TSLA,BUY,1,638.02
TDB_000006760,2024-09-19 22:16:18,TDB_CUST_5214938,TSLA,BUY,1,638.02
TDB_000006761,2024-09-19 22:16:18,TDB_CUST_5214938,TSLA,BUY,1,638.02
TDB_000006762,2024-09-19 22:16:18,TDB_CUST_5214938,TSLA,BUY,1,638.02
TDB_000006763,2024-09-19 22:16:18,TDB_CUST_5214938,TSLA,BUY,1,638.02
TDB_000006764,2024-09-19 22:16:18,TDB_CUST_5214938,TSLA,BUY,1,638.02
TDB_000006765,2024-09-19 22:16:18,TDB_CUST_5214938,TSLA,BUY,1,638.02
TDB_000006766,2024-09-19 22:16:18,TDB_CUST_5214938,TSLA,BUY,1,638.02
TDB_000006767,2024-09-19 22:16:18,TDB_CUST_5214938,TSLA,BUY,1,638.02
TDB_000006768,2024-09-19 22:16:18,TDB_CUST_5214938,TSLA,BUY,1,638.02
TDB_000006769,2024-09-19 22:16:18,TDB_CUST_5214938,TSLA,BUY,1,638.02
TDB_000006770,2024-09-19 22:16:18,TDB_CUST_5214938,TSLA,BUY,1,638.02
TDB_000006771,2024-09-19 22:16:18,TDB_CUST_5214938,TSLA,BUY,1,638.02
TDB_000006772,2024-09-19 22:16:18,TDB_CUST_5214938,TSLA,BUY,1,638.02
TDB_000006773,2024-09-19 22:16:18,TDB_CUST_5214938,TSLA,BUY,1,638.02
TDB_000006774,2024-09-19 22:16:18,TDB_CUST_5214938,TSLA,BUY,1,638.02
TDB_000006775,2024-09-19 22:16:18,TDB_CUST_5214938,TSLA,BUY,1,638.02
TDB_000006776,2024-09-19 22:16:18,TDB_CUST_5214938,TSLA,BUY,1,638.02
TDB_000006777,2024-09-19 22:16:18,TDB_CUST_5214938,TSLA,BUY,1,638.02
TDB_000006778,2024-09-19 22:16:18,TDB_CUST_5214938,TSLA,BUY,1,638.02
TDB_000006779,2024-09-19 22:16:18,TDB_CUST_5214938,TSLA,BUY,1,638.02
TDB_000006780,2024-09-19 22:16:18,TDB_CUST_5214938,TSLA,BUY,1,638.02
TDB_000006781,2024-09-19 22:16:18,TDB_CUST_5214938,TSLA,BUY,1,638.02
TDB_000006782,2024-09-19 22:16:18,TDB_CUST_5214938,TSLA,BUY,1,638.02
TDB_000006783,2024-09-19 22:16:18,TDB_CUST_5214938,TSLA,BUY,1,638.02
TDB_000006784,2024-09-19 22:16:18,TDB_CUST_5214938,TSLA,BUY,1,638.02
TDB_000006785,2024-09-19 22:16:18,TDB_CUST_5214938,TSLA,BUY,1,638.02
TDB_000006786,2024-09-19 22:16:18,TDB_CUST_5214938,TSLA,BUY,1,638.02
TDB_000006787,2024-09-19 22:16:18,TDB_CUST_5214938,TSLA,BUY,1,638.02
TDB_000006788,2024-09-19 22:16:18,TDB_CUST_5214938,TSLA,BUY,1,638.02
TDB_000006789,2024-09-19 22:16:18,TDB_CUST_5214938,TSLA,BUY,1,638.02
TDB_000006790,2024-09-19 22:16:18,TDB_CUST_5214938,TSLA,BUY,1,638.02
TDB_000006791,2024-09-19 22:16:18,TDB_CUST_5214938,TSLA,BUY,1,638.02
TDB_000006792,2024-09-19 22:16:18,TDB_CUST_5214938,TSLA,BUY,1,638.02
TDB_000006793,2024-09-19 22:16:18,TDB_CUST_5214938,TSLA,BUY,1,638.02
TDB_000006794,2024-09-19 22:16:18,TDB_CUST_5214938,TSLA,BUY,1,638.02
TDB_000006795,2024-09-19 22:16:18,TDB_CUST_5214938,TSLA,BUY,1,638.02
TDB_000006796,2024-09-19 22:16:18,TDB_CUST_5214938,TSLA,BUY,1,638.02
TDB_000006797,2024-09-19 22:16:18,TDB_CUST_5214938,TSLA,BUY,1,638.02
TDB_000006798,2024-09-19 22:16:18,TDB_CUST_5214938,TSLA,BUY,1,638.02
TDB_000006799,2024-09-19 22:16:18,TDB_CUST_5214938,TSLA,BUY,1,638.02
TDB_000006800,2024-09-19 22:16:18,TDB_CUST_5214938,TSLA,BUY,1,638.02
TDB_000006801,2024-09-19 22:16:18,TDB_CUST_5214938,TSLA,BUY,1,638.02
TDB_000006802,2024-09-19 22:16:18,TDB_CUST_5214938,TSLA,BUY,1,638.02
TDB_000006803,2024-09-19 22:16:18,TDB_CUST_5214938,TSLA,BUY,1,638.02
TDB_000006804,2024-09-19 22:16:18,TDB_CUST_5214938,TSLA,BUY,1,638.02
TDB_000006805,2024-09-19 22:16:18,TDB_CUST_5214938,TSLA,BUY,1,638.02
TDB_000006806,2024-09-19 22:16:18,TDB_CUST_5214938,TSLA,BUY,1,638.02
TDB_000006807,2024-09-19 22:16:18,TDB_CUST_5214938,TSLA,BUY,1,638.02
TDB_000006808,2024-09-19 22:16:18,TDB_CUST_5214938,TSLA,BUY,1,638.02
TDB_000006809,2024-09-19 22:16:18,TDB_CUST_5214938,TSLA,BUY,1,638.02
TDB_000006810,2024-09-19 22:16:18,TDB_CUST_5214938,TSLA,BUY,1,638.02
TDB_000006811,2024-09-19 22:16:18,TDB_CUST_5214938,TSLA,BUY,1,638.02
TDB_000006812,2024-09-19 22:16:18,TDB_CUST_5214938,TSLA,BUY,1,638.02
TDB_000006813,2024-09-19 22:16:18,TDB_CUST_5214938,TSLA,BUY,1,638.02
TDB_000006814,2024-09-19 22:16:18,TDB_CUST_5214938,TSLA,BUY,1,638.02
TDB_000006815,2024-09-19 22:16:18,TDB_CUST_5214938,TSLA,BUY,1,638.02
TDB_000006816,2024-09-19 22:16:18,TDB_CUST_5214938,TSLA,BUY,1,638.02
TDB_000006817,2024-09-19 22:16:18,TDB_CUST_5214938,TSLA,BUY,1,638.02
TDB_000006818,2024-09-19 22:16:18,TDB_CUST_5214938,TSLA,BUY,1,638.02
TDB_000006819,2024-09-19 22:16:18,TDB_CUST_5214938,TSLA,BUY,1,638.02
TDB_000006820,2024-09-19 22:16:18,TDB_CUST_5214938,TSLA,BUY,1,638.02
TDB_000006821,2024-09-19 22:16:18,TDB_CUST_5214938,TSLA,BUY,1,638.02
TDB_000006822,2024-09-19 22:16:18,TDB_CUST_5214938,TSLA,BUY,1,638.02
TDB_000006823,2024-09-19 22:16:18,TDB_CUST_5214938,TSLA,BUY,1,638.02
TDB_000006824,2024-09-19 22:16:18,TDB_CUST_5214938,TSLA,BUY,1,638.02
TDB_000006825,2024-09-19 22:16:18,TDB_CUST_5214938,TSLA,BUY,1,638.02
TDB_000006826,2024-09-19 22:16:18,TDB_CUST_5214938,TSLA,BUY,1,638.02
TDB_000006827,2024-09-19 22:16:18,TDB_CUST_5214938,TSLA,BUY,1,638.02
TDB_000006828,2024-09-19 22:16:18,TDB_CUST_5214938,TSLA,BUY,1,638.02
TDB_000006829,2024-09-19 22:16:18,TDB_CUST_5214938,TSLA,BUY,1,638.02
TDB_000006830,2024-09-19 22:16:18,TDB_CUST_5214938,TSLA,BUY,1,638.02
TDB_000006831,2024-09-19 22:16:18,TDB_CUST_5214938,TSLA,BUY,1,638.02
TDB_000006832,2024-09-19 22:16:18,TDB_CUST_5214938,TSLA,BUY,1,638.02
TDB_000006833,2024-09-19 22:16:18,TDB_CUST_5214938,TSLA,BUY,1,638.02
TDB_000006834,2024-09-19 22:16:18,TDB_CUST_5214938,TSLA,BUY,1,638.02
TDB_000006835,2024-09-19 22:16:18,TDB_CUST_5214938,TSLA,BUY,1,638.02
TDB_000006836,2024-09-19 22:16:18,TDB_CUST_5214938,TSLA,BUY,1,638.02
TDB_000006837,2024-09-19 22:16:18,TDB_CUST_5214938,TSLA,BUY,1,638.02
TDB_000006838,2024-09-19 22:16:18,TDB_CUST_5214938,TSLA,BUY,1,638.02
TDB_000006839,2024-09-19 22:16:18,TDB_CUST_5214938,TSLA,BUY,1,638.02
TDB_000006840,2024-09-19 22:16:18,TDB_CUST_5214938,TSLA,BUY,1,638.02
TDB_000006841,2024-09-19 22:16:18,TDB_CUST_5214938,TSLA,BUY,1,638.02
TDB_000006842,2024-09-19 22:16:18,TDB_CUST_5214938,TSLA,BUY,1,638.02
TDB_000006843,2024-09-19 22:16:18,TDB_CUST_5214938,TSLA,BUY,1,638.02
TDB_000006844,2024-09-19 22:16:18,TDB_CUST_5214938,TSLA,BUY,1,638.02
TDB_000006845,2024-09-19 22:16:18,TDB_CUST_5214938,TSLA,BUY,1,638.02
TDB_000006846,2024-09-19 22:16:18,TDB_CUST_5214938,TSLA,BUY,1,638.02
TDB_000006847,2024-09-19 22:16:18,TDB_CUST_5214938,TSLA,BUY,1,638.02
TDB_000006848,2024-09-19 22:16:18,TDB_CUST_5214938,TSLA,BUY,1,638.02
TDB_000006849,2024-09-19 22:16:18,TDB_CUST_5214938,TSLA,BUY,1,638.02
TDB_000006850,2024-09-19 22:16:18,TDB_CUST_5214938,TSLA,BUY,1,638.02
TDB_000006851,2024-09-19 22:16:18,TDB_CUST_5214938,TSLA,BUY,1,638.02
TDB_000006852,2024-09-19 22:16:18,TDB_CUST_5214938,TSLA,BUY,1,638.02
TDB_000006853,2024-09-19 22:16:18,TDB_CUST_5214938,TSLA,BUY,1,638.02
TDB_000006854,2024-09-19 22:16:18,TDB_CUST_5214938,TSLA,BUY,1,638.02
TDB_000006855,2024-09-19 22:16:18,TDB_CUST_5214938,TSLA,BUY,1,638.02
TDB_000006856,2024-09-19 22:16:18,TDB_CUST_5214938,TSLA,BUY,1,638.02
TDB_000006857,2024-09-19 22:16:18,TDB_CUST_5214938,TSLA,BUY,1,638.02
TDB_000006858,2024-09-19 22:16:18,TDB_CUST_5214938,TSLA,BUY,1,638.02
TDB_000006859,2024-09-19 22:16:18,TDB_CUST_5214938,TSLA,BUY,1,638.02
TDB_000006860,2024-09-19 22:16:18,TDB_CUST_5214938,TSLA,BUY,1,638.02
TDB_000006861,2024-09-19 22:16:18,TDB_CUST_5214938,TSLA,BUY,1,638.02
TDB_000006862,2024-09-19 22:16:18,TDB_CUST_5214938,TSLA,BUY,1,638.02
TDB_000006863,2024-09-19 22:16:18,TDB_CUST_5214938,TSLA,BUY,1,638.02
TDB_000006864,2024-09-19 22:16:18,TDB_CUST_5214938,TSLA,BUY,1,638.02
TDB_000006865,2024-09-19 22:16:18,TDB_CUST_5214938,TSLA,BUY,1,638.02
TDB_000006866,2024-09-19 22:16:18,TDB_CUST_5214938,TSLA,BUY,1,638.02
TDB_000006867,2024-09-19 22:16:18,TDB_CUST_5214938,TSLA,BUY,1,638.02
TDB_000006868,2024-09-19 22:16:18,TDB_CUST_5214938,TSLA,BUY,1,638.02
TDB_000006869,2024-09-19 22:16:18,TDB_CUST_5214938,TSLA,BUY,1,638.02
TDB_000006870,2024-09-19 22:16:18,TDB_CUST_5214938,TSLA,BUY,1,638.02
TDB_000006871,2024-09-19 22:16:18,TDB_CUST_5214938,TSLA,BUY,1,638.02
TDB_000006872,2024-09-19 22:16:18,TDB_CUST_5214938,TSLA,BUY,1,638.02
TDB_000006873,2024-09-19 22:16:18,TDB_CUST_5214938,TSLA,BUY,1,638.02
TDB_000006874,2024-09-19 22:16:18,TDB_CUST_5214938,TSLA,BUY,1,638.02
TDB_000006875,2024-09-19 22:16:18,TDB_CUST_5214938,TSLA,BUY,1,638.02
TDB_000006876,2024-09-19 22:16:18,TDB_CUST_5214938,TSLA,BUY,1,638.02
TDB_000006877,2024-09-19 22:16:18,TDB_CUST_5214938,TSLA,BUY,1,638.02
TDB_000006878,2024-09-19 22:16:18,TDB_CUST_5214938,TSLA,BUY,1,638.02
TDB_000006879,2024-09-19 22:16:18,TDB_CUST_5214938,TSLA,BUY,1,638.02
TDB_000006880,2024-09-19 22:16:18,TDB_CUST_5214938,TSLA,BUY,1,638.02
TDB_000006881,2024-09-19 22:16:18,TDB_CUST_5214938,TSLA,BUY,1,638.02
TDB_000006882,2024-09-19 22:16:18,TDB_CUST_5214938,TSLA,BUY,1,638.02
TDB_000006883,2024-09-19 22:16:18,TDB_CUST_5214938,TSLA,BUY,1,638.02
TDB_000006884,2024-09-19 22:16:18,TDB_CUST_5214938,TSLA,BUY,1,638.02
TDB_000006885,2024-09-19 22:16:18,TDB_CUST_5214938,TSLA,BUY,1,638.02
TDB_000006886,2024-09-19 22:16:18,TDB_CUST_5214938,TSLA,BUY,1,638.02
TDB_000006887,2024-09-19 22:16:18,TDB_CUST_5214938,TSLA,BUY,1,638.02
TDB_000006888,2024-09-19 22:16:18,TDB_CUST_5214938,TSLA,BUY,1,638.02
TDB_000006889,2024-09-19 22:16:18,TDB_CUST_5214938,TSLA,BUY,1,638.02
TDB_000006890,2024-09-19 22:16:18,TDB_CUST_5214938,TSLA,BUY,1,638.02
TDB_000006891,2024-09-19 22:16:18,TDB_CUST_5214938,TSLA,BUY,1,638.02
TDB_000006892,2024-09-19 22:16:18,TDB_CUST_5214938,TSLA,BUY,1,638.02
TDB_000006893,2024-09-19 22:16:18,TDB_CUST_5214938,TSLA,BUY,1,638.02
TDB_000006894,2024-09-19 22:16:18,TDB_CUST_5214938,TSLA,BUY,1,638.02
TDB_000006895,2024-09-19 22:16:18,TDB_CUST_5214938,TSLA,BUY,1,638.02
TDB_000006896,2024-09-19 22:16:18,TDB_CUST_5214938,TSLA,BUY,1,638.02
TDB_000006897,2024-09-19 22:16:18,TDB_CUST_5214938,TSLA,BUY,1,638.02
TDB_000006898,2024-09-19 22:16:18,TDB_CUST_5214938,TSLA,BUY,1,638.02
TDB_000006899,2024-09-19 22:16:18,TDB_CUST_5214938,TSLA,BUY,1,638.02
TDB_000006900,2024-09-19 22:16:18,TDB_CUST_5214938,TSLA,BUY,1,638.02
TDB_000006901,2024-09-19 22:16:18,TDB_CUST_5214938,TSLA,BUY,1,638.02
TDB_000006902,2024-09-19 22:16:18,TDB_CUST_5214938,TSLA,BUY,1,638.02
TDB_000006903,2024-09-19 22:16:18,TDB_CUST_5214938,TSLA,BUY,1,638.02
TDB_000006904,2024-09-19 22:16:18,TDB_CUST_5214938,TSLA,BUY,1,638.02
TDB_000006905,2024-09-19 22:16:18,TDB_CUST_5214938,TSLA,BUY,1,638.02
TDB_000006906,2024-09-19 22:16:18,TDB_CUST_5214938,TSLA,BUY,1,638.02
TDB_000006907,2024-09-19 22:16:18,TDB_CUST_5214938,TSLA,BUY,1,638.02
TDB_000006908,2024-09-19 22:16:18,TDB_CUST_5214938,TSLA,BUY,1,638.02
TDB_000006909,2024-09-19 22:16:18,TDB_CUST_5214938,TSLA,BUY,1,638.02
TDB_000006910,2024-09-19 22:16:18,TDB_CUST_5214938,TSLA,BUY,1,638.02
TDB_000006911,2024-09-19 22:16:18,TDB_CUST_5214938,TSLA,BUY,1,638.02
TDB_000006912,2024-09-19 22:16:18,TDB_CUST_5214938,TSLA,BUY,1,638.02
TDB_000006913,2024-09-19 22:16:18,TDB_CUST_5214938,TSLA,BUY,1,638.02
TDB_000006914,2024-09-19 22:16:18,TDB_CUST_5214938,TSLA,BUY,1,638.02
TDB_000006915,2024-09-19 22:16:18,TDB_CUST_5214938,TSLA,BUY,1,638.02
TDB_000006916,2024-09-19 22:16:18,TDB_CUST_5214938,TSLA,BUY,1,638.02
TDB_000006917,2024-09-19 22:16:18,TDB_CUST_5214938,TSLA,BUY,1,638.02
TDB_000006918,2024-09-19 22:16:18,TDB_CUST_5214938,TSLA,BUY,1,638.02
TDB_000006919,2024-09-19 22:16:18,TDB_CUST_5214938,TSLA,BUY,1,638.02
TDB_000006920,2024-09-19 22:16:18,TDB_CUST_5214938,TSLA,BUY,1,638.02
TDB_000006921,2024-09-19 22:16:18,TDB_CUST_5214938,TSLA,BUY,1,638.02
TDB_000006922,2024-09-19 22:16:18,TDB_CUST_5214938,TSLA,BUY,1,638.02
TDB_000006923,2024-09-19 22:16:18,TDB_CUST_5214938,TSLA,BUY,1,638.02
TDB_000006924,2024-09-19 22:16:18,TDB_CUST_5214938,TSLA,BUY,1,638.02
TDB_000006925,2024-09-19 22:16:18,TDB_CUST_5214938,TSLA,BUY,1,638.02
TDB_000006926,2024-09-19 22:16:18,TDB_CUST_5214938,TSLA,BUY,1,638.02
TDB_000006927,2024-09-19 22:16:18,TDB_CUST_5214938,TSLA,BUY,1,638.02
TDB_000006928,2024-09-19 22:16:18,TDB_CUST_5214938,TSLA,BUY,1,638.02
TDB_000006929,2024-09-19 22:16:18,TDB_CUST_5214938,TSLA,BUY,1,638.02
TDB_000006930,2024-09-19 22:16:18,TDB_CUST_5214938,TSLA,BUY,1,638.02
TDB_000006931,2024-09-19 22:16:18,TDB_CUST_5214938,TSLA,BUY,1,638.02
TDB_000006932,2024-09-19 22:16:18,TDB_CUST_5214938,TSLA,BUY,1,638.02
TDB_000006933,2024-09-19 22:16:18,TDB_CUST_5214938,TSLA,BUY,1,638.02
TDB_000006934,2024-09-19 22:16:18,TDB_CUST_5214938,TSLA,BUY,1,638.02
TDB_000006935,2024-09-19 22:16:18,TDB_CUST_5214938,TSLA,BUY,1,638.02
TDB_000006936,2024-09-19 22:16:18,TDB_CUST_5214938,TSLA,BUY,1,638.02
TDB_000006937,2024-09-19 22:16:18,TDB_CUST_5214938,TSLA,BUY,1,638.02
TDB_000006938,2024-09-19 22:16:18,TDB_CUST_5214938,TSLA,BUY,1,638.02
TDB_000006939,2024-09-19 22:16:18,TDB_CUST_5214938,TSLA,BUY,1,638.02
TDB_000006940,2024-09-19 22:16:18,TDB_CUST_5214938,TSLA,BUY,1,638.02
TDB_000006941,2024-09-19 22:16:18,TDB_CUST_5214938,TSLA,BUY,1,638.02
TDB_000006942,2024-09-19 22:16:18,TDB_CUST_5214938,TSLA,BUY,1,638.02
TDB_000006943,2024-09-19 22:16:18,TDB_CUST_5214938,TSLA,BUY,1,638.02
TDB_000006944,2024-09-19 22:16:18,TDB_CUST_5214938,TSLA,BUY,1,638.02
TDB_000006945,2024-09-19 22:16:18,TDB_CUST_5214938,TSLA,BUY,1,638.02
TDB_000006946,2024-09-19 22:16:18,TDB_CUST_5214938,TSLA,BUY,1,638.02
TDB_000006947,2024-09-19 22:16:18,TDB_CUST_5214938,TSLA,BUY,1,638.02
TDB_000006948,2024-09-19 22:16:18,TDB_CUST_5214938,TSLA,BUY,1,638.02
TDB_000006949,2024-09-19 22:16:18,TDB_CUST_5214938,TSLA,BUY,1,638.02
TDB_000006950,2024-09-19 22:16:18,TDB_CUST_5214938,TSLA,BUY,1,638.02
TDB_000006951,2024-09-19 22:16:18,TDB_CUST_5214938,TSLA,BUY,1,638.02
TDB_000006952,2024-09-19 22:16:18,TDB_CUST_5214938,TSLA,BUY,1,638.02
TDB_000006953,2024-09-19 22:16:18,TDB_CUST_5214938,TSLA,BUY,1,638.02
TDB_000006954,2024-09-19 22:16:18,TDB_CUST_5214938,TSLA,BUY,1,638.02
TDB_000006955,2024-09-19 22:16:18,TDB_CUST_5214938,TSLA,BUY,1,638.02
TDB_000006956,2024-09-19 22:16:18,TDB_CUST_5214938,TSLA,BUY,1,638.02
TDB_000006957,2024-09-19 22:16:18,TDB_CUST_5214938,TSLA,BUY,1,638.02
TDB_000006958,2024-09-19 22:16:18,TDB_CUST_5214938,TSLA,BUY,1,638.02
TDB_000006959,2024-09-19 22:16:18,TDB_CUST_5214938,TSLA,BUY,1,638.02
TDB_000006960,2024-09-19 22:16:18,TDB_CUST_5214938,TSLA,BUY,1,638.02
TDB_000006961,2024-09-19 22:16:18,TDB_CUST_5214938,TSLA,BUY,1,638.02
TDB_000006962,2024-09-19 22:16:18,TDB_CUST_5214938,TSLA,BUY,1,638.02
TDB_000006963,2024-09-19 22:16:18,TDB_CUST_5214938,TSLA,BUY,1,638.02
TDB_000006964,2024-09-19 22:16:18,TDB_CUST_5214938,TSLA,BUY,1,638.02
TDB_000006965,2024-09-19 22:16:18,TDB_CUST_5214938,TSLA,BUY,1,638.02
TDB_000006966,2024-09-19 22:16:18,TDB_CUST_5214938,TSLA,BUY,1,638.02
TDB_000006967,2024-09-19 22:16:18,TDB_CUST_5214938,TSLA,BUY,1,638.02
TDB_000006968,2024-09-19 22:16:18,TDB_CUST_5214938,TSLA,BUY,1,638.02
TDB_000006969,2024-09-19 22:16:18,TDB_CUST_5214938,TSLA,BUY,1,638.02
TDB_000006970,2024-09-19 22:16:18,TDB_CUST_5214938,TSLA,BUY,1,638.02
TDB_000006971,2024-09-19 22:16:18,TDB_CUST_5214938,TSLA,BUY,1,638.02
TDB_000006972,2024-09-19 22:16:18,TDB_CUST_5214938,TSLA,BUY,1,638.02
TDB_000006973,2024-09-19 22:16:18,TDB_CUST_5214938,TSLA,BUY,1,638.02
TDB_000006974,2024-09-19 22:16:18,TDB_CUST_5214938,TSLA,BUY,1,638.02
TDB_000006975,2024-09-19 22:16:18,TDB_CUST_5214938,TSLA,BUY,1,638.02
TDB_000006976,2024-09-19 22:16:18,TDB_CUST_5214938,TSLA,BUY,1,638.02
TDB_000006977,2024-09-19 22:16:18,TDB_CUST_5214938,TSLA,BUY,1,638.02
TDB_000006978,2024-09-19 22:16:18,TDB_CUST_5214938,TSLA,BUY,1,638.02
TDB_000006979,2024-09-19 22:16:18,TDB_CUST_5214938,TSLA,BUY,1,638.02
TDB_000006980,2024-09-19 22:16:18,TDB_CUST_5214938,TSLA,BUY,1,638.02
TDB_000006981,2024-09-19 22:16:18,TDB_CUST_5214938,TSLA,BUY,1,638.02
TDB_000006982,2024-09-19 22:16:18,TDB_CUST_5214938,TSLA,BUY,1,638.02
TDB_000006983,2024-09-19 22:16:18,TDB_CUST_5214938,TSLA,BUY,1,638.02
TDB_000006984,2024-09-19 22:16:18,TDB_CUST_5214938,TSLA,BUY,1,638.02
TDB_000006985,2024-09-19 22:16:18,TDB_CUST_5214938,TSLA,BUY,1,638.02
TDB_000006986,2024-09-19 22:16:18,TDB_CUST_5214938,TSLA,BUY,1,638.02
TDB_000006987,2024-09-19 22:16:18,TDB_CUST_5214938,TSLA,BUY,1,638.02
TDB_000006988,2024-09-19 22:16:18,TDB_CUST_5214938,TSLA,BUY,1,638.02
TDB_000006989,2024-09-19 22:16:18,TDB_CUST_5214938,TSLA,BUY,1,638.02
TDB_000006990,2024-09-19 22:16:18,TDB_CUST_5214938,TSLA,BUY,1,638.02
TDB_000006991,2024-09-19 22:16:18,TDB_CUST_5214938,TSLA,BUY,1,638.02
TDB_000006992,2024-09-19 22:16:18,TDB_CUST_5214938,TSLA,BUY,1,638.02
TDB_000006993,2024-09-19 22:16:18,TDB_CUST_5214938,TSLA,BUY,1,638.02
